2017-05-11 00:00:00.071000,1.08675,1.08671,1870000,1650000
2017-05-11 00:00:00.580000,1.08672,1.08669,2250000,3150000
2017-05-11 00:00:00.744000,1.08671,1.08669,1000000,1000000
2017-05-11 00:00:00.951000,1.08674,1.08669,1120000,2980000
2017-05-11 00:00:01.462000,1.08675,1.08670,2470000,3560000
2017-05-11 00:00:04.930000,1.08675,1.08670,3230000,1120000
2017-05-11 00:00:05.448000,1.08674,1.08669,2440000,2800000
2017-05-11 00:00:05.908000,1.08672,1.08668,6230000,1200000
2017-05-11 00:00:06.062000,1.08671,1.08666,3760000,1000000
2017-05-11 00:00:06.575000,1.08671,1.08665,5110000,4120000
2017-05-11 00:00:07.253000,1.08671,1.08666,3010000,1500000
2017-05-11 00:00:07.761000,1.08672,1.08667,1000000,2320000
2017-05-11 00:00:08.353000,1.08673,1.08668,1690000,3750000
2017-05-11 00:00:08.405000,1.08673,1.08670,1500000,1500000
2017-05-11 00:00:08.558000,1.08675,1.08670,2250000,1000000
2017-05-11 00:00:08.712000,1.08675,1.08671,1120000,9600000
2017-05-11 00:00:08.866000,1.08677,1.08672,1870000,5920000
2017-05-11 00:00:10.025000,1.08676,1.08672,1000000,3300000
2017-05-11 00:00:11.667000,1.08676,1.08672,1120000,4090000
2017-05-11 00:00:20.909000,1.08676,1.08671,1870000,8590000
2017-05-11 00:00:24.829000,1.08675,1.08671,1000000,6490000
2017-05-11 00:00:25.355000,1.08673,1.08670,1870000,1110000
2017-05-11 00:00:25.407000,1.08671,1.08668,1120000,2620000
2017-05-11 00:00:25.561000,1.08669,1.08666,1120000,1870000
2017-05-11 00:00:26.316000,1.08669,1.08665,1870000,1120000
2017-05-11 00:00:26.858000,1.08670,1.08665,2620000,1200000
2017-05-11 00:00:27.363000,1.08669,1.08665,1870000,1200000
2017-05-11 00:00:28.178000,1.08668,1.08664,1120000,6900000
2017-05-11 00:00:28.686000,1.08667,1.08663,1120000,6900000
2017-05-11 00:00:30.072000,1.08667,1.08663,1120000,3750000
2017-05-11 00:00:30.431000,1.08665,1.08662,1120000,2620000
2017-05-11 00:00:30.535000,1.08665,1.08661,1870000,1500000
2017-05-11 00:00:31.451000,1.08664,1.08660,1870000,2320000
2017-05-11 00:00:40.050000,1.08664,1.08660,1000000,1100000
2017-05-11 00:00:42.675000,1.08663,1.08660,1000000,1570000
2017-05-11 00:00:42.726000,1.08661,1.08658,1000000,3070000
2017-05-11 00:00:42.829000,1.08661,1.08657,4500000,1000000
2017-05-11 00:00:42.931000,1.08660,1.08657,1880000,1000000
2017-05-11 00:00:43.187000,1.08659,1.08655,1000000,3370000
2017-05-11 00:00:43.731000,1.08659,1.08656,1000000,1000000
2017-05-11 00:00:45.934000,1.08660,1.08656,1120000,2620000
2017-05-11 00:00:46.455000,1.08662,1.08657,3570000,1000000
2017-05-11 00:00:47.074000,1.08662,1.08657,2820000,1000000
2017-05-11 00:00:50.289000,1.08662,1.08656,2510000,2620000
2017-05-11 00:00:51.324000,1.08661,1.08656,3450000,1500000
2017-05-11 00:01:01.334000,1.08659,1.08655,1000000,1870000
2017-05-11 00:01:02.773000,1.08659,1.08654,1000000,4870000
2017-05-11 00:01:03.282000,1.08659,1.08654,1000000,5020000
2017-05-11 00:01:09.660000,1.08657,1.08653,1120000,2770000
2017-05-11 00:01:09.711000,1.08656,1.08653,4570000,2620000
2017-05-11 00:01:09.916000,1.08654,1.08650,2250000,1170000
2017-05-11 00:01:11.317000,1.08654,1.08650,1500000,2320000
2017-05-11 00:01:11.832000,1.08654,1.08650,1500000,2250000
2017-05-11 00:01:13.066000,1.08654,1.08651,1500000,1500000
2017-05-11 00:01:13.612000,1.08655,1.08651,1000000,2250000
2017-05-11 00:01:14.628000,1.08656,1.08652,1370000,1120000
2017-05-11 00:01:15.424000,1.08657,1.08652,1870000,1120000
2017-05-11 00:01:17.089000,1.08657,1.08652,2320000,2250000
2017-05-11 00:01:17.820000,1.08657,1.08653,1200000,1120000
2017-05-11 00:01:18.341000,1.08659,1.08653,1720000,5140000
2017-05-11 00:01:20.055000,1.08658,1.08655,1120000,1870000
2017-05-11 00:01:20.809000,1.08658,1.08656,1120000,1120000
2017-05-11 00:01:21.633000,1.08659,1.08656,1120000,1120000
2017-05-11 00:01:25.136000,1.08659,1.08655,1120000,1000000
2017-05-11 00:01:25.663000,1.08659,1.08656,1120000,1120000
2017-05-11 00:01:31.474000,1.08660,1.08656,1200000,1120000
2017-05-11 00:01:32.782000,1.08660,1.08655,1000000,2700000
2017-05-11 00:01:35.522000,1.08661,1.08655,8740000,1370000
2017-05-11 00:01:35.784000,1.08661,1.08658,1000000,1500000
2017-05-11 00:01:40.074000,1.08662,1.08658,1200000,1000000
2017-05-11 00:01:43.831000,1.08662,1.08657,1370000,4570000
2017-05-11 00:01:44.368000,1.08662,1.08657,5320000,1870000
2017-05-11 00:01:45.239000,1.08662,1.08657,6000000,1870000
2017-05-11 00:01:47.032000,1.08662,1.08657,5620000,2620000
2017-05-11 00:01:56.702000,1.08661,1.08657,1500000,2620000
2017-05-11 00:01:57.640000,1.08661,1.08657,2740000,1000000
2017-05-11 00:01:58.232000,1.08661,1.08656,5360000,2620000
2017-05-11 00:02:00.599000,1.08661,1.08656,2060000,3000000
2017-05-11 00:02:01.124000,1.08661,1.08656,1990000,2850000
2017-05-11 00:02:01.702000,1.08661,1.08656,1990000,2620000
2017-05-11 00:02:02.730000,1.08661,1.08656,1240000,3750000
2017-05-11 00:02:03.901000,1.08661,1.08656,1990000,3750000
2017-05-11 00:02:04.879000,1.08661,1.08656,2360000,2250000
2017-05-11 00:02:05.393000,1.08660,1.08656,1870000,1000000
2017-05-11 00:02:07.429000,1.08660,1.08655,2360000,2620000
2017-05-11 00:02:08.086000,1.08656,1.08654,1370000,1120000
2017-05-11 00:02:08.190000,1.08654,1.08653,1300000,2250000
2017-05-11 00:02:08.292000,1.08654,1.08650,1300000,3000000
2017-05-11 00:02:12.784000,1.08655,1.08650,1650000,3370000
2017-05-11 00:02:15.864000,1.08655,1.08651,1200000,1000000
2017-05-11 00:02:19.867000,1.08654,1.08651,1000000,2250000
2017-05-11 00:02:21.376000,1.08654,1.08650,1870000,3450000
2017-05-11 00:02:21.886000,1.08653,1.08650,2620000,1120000
2017-05-11 00:02:23.359000,1.08653,1.08649,2620000,1950000
2017-05-11 00:02:23.860000,1.08652,1.08649,1000000,1200000
2017-05-11 00:02:24.503000,1.08652,1.08648,1870000,1000000
2017-05-11 00:02:26.097000,1.08651,1.08648,3750000,1000000
2017-05-11 00:02:26.149000,1.08650,1.08647,1690000,1120000
2017-05-11 00:02:26.251000,1.08648,1.08645,1120000,1120000
2017-05-11 00:02:30.120000,1.08649,1.08644,4500000,2820000
2017-05-11 00:02:33.221000,1.08650,1.08646,1720000,1000000
2017-05-11 00:02:33.730000,1.08650,1.08647,1870000,1000000
2017-05-11 00:02:35.546000,1.08650,1.08646,1870000,3000000
2017-05-11 00:02:36.128000,1.08650,1.08647,1870000,1000000
2017-05-11 00:02:39.810000,1.08651,1.08648,2290000,1000000
2017-05-11 00:02:39.964000,1.08652,1.08649,1270000,1120000
2017-05-11 00:02:43.924000,1.08652,1.08648,1000000,3970000
2017-05-11 00:02:49.569000,1.08652,1.08648,1000000,3520000
2017-05-11 00:02:50.966000,1.08653,1.08650,1200000,1000000
2017-05-11 00:02:51.486000,1.08654,1.08650,1270000,1870000
2017-05-11 00:02:52.099000,1.08654,1.08651,1270000,1000000
2017-05-11 00:03:00.659000,1.08654,1.08651,1120000,1470000
2017-05-11 00:03:03.873000,1.08654,1.08650,1120000,1950000
2017-05-11 00:03:06.220000,1.08655,1.08650,1000000,1950000
2017-05-11 00:03:08.638000,1.08657,1.08654,3450000,1000000
2017-05-11 00:03:08.837000,1.08659,1.08655,1870000,1870000
2017-05-11 00:03:08.940000,1.08661,1.08656,3450000,1120000
2017-05-11 00:03:10.334000,1.08661,1.08656,1650000,1200000
2017-05-11 00:03:11.828000,1.08661,1.08656,1070000,1950000
2017-05-11 00:03:12.363000,1.08661,1.08657,1000000,1100000
2017-05-11 00:03:15.344000,1.08660,1.08657,1120000,1100000
2017-05-11 00:03:15.912000,1.08661,1.08656,1650000,1120000
2017-05-11 00:03:16.423000,1.08660,1.08655,4500000,1200000
2017-05-11 00:03:20.751000,1.08660,1.08655,3000000,1870000
2017-05-11 00:03:30.040000,1.08660,1.08656,2250000,1000000
2017-05-11 00:03:30.549000,1.08659,1.08655,1870000,1500000
2017-05-11 00:03:31.064000,1.08658,1.08654,1120000,3000000
2017-05-11 00:03:34.440000,1.08659,1.08654,1870000,3000000
2017-05-11 00:03:35.859000,1.08659,1.08654,2620000,3000000
2017-05-11 00:04:13.476000,1.08657,1.08654,1500000,1000000
2017-05-11 00:04:15.186000,1.08657,1.08653,1470000,1120000
2017-05-11 00:04:25.638000,1.08657,1.08654,1470000,1000000
2017-05-11 00:04:25.791000,1.08658,1.08654,1100000,1000000
2017-05-11 00:04:27.022000,1.08658,1.08654,1570000,1000000
2017-05-11 00:04:28.302000,1.08658,1.08654,1100000,1000000
2017-05-11 00:04:32.551000,1.08659,1.08656,1950000,1000000
2017-05-11 00:04:33.061000,1.08660,1.08656,1000000,1000000
2017-05-11 00:04:36.183000,1.08660,1.08655,1500000,1120000
2017-05-11 00:04:36.691000,1.08660,1.08656,1000000,1000000
2017-05-11 00:04:38.829000,1.08660,1.08657,1000000,1000000
2017-05-11 00:04:40.102000,1.08661,1.08657,1200000,4500000
2017-05-11 00:04:40.409000,1.08663,1.08659,1500000,1000000
2017-05-11 00:04:41.256000,1.08663,1.08659,1000000,1000000
2017-05-11 00:04:43.708000,1.08663,1.08659,1500000,1000000
2017-05-11 00:04:45.246000,1.08662,1.08658,1000000,1500000
2017-05-11 00:04:45.756000,1.08662,1.08657,6000000,1000000
2017-05-11 00:04:46.082000,1.08658,1.08656,4500000,1500000
2017-05-11 00:04:46.236000,1.08658,1.08654,5250000,1120000
2017-05-11 00:04:46.748000,1.08658,1.08655,1000000,1000000
2017-05-11 00:04:47.354000,1.08660,1.08655,3750000,1000000
2017-05-11 00:04:53.451000,1.08659,1.08655,1000000,1000000
2017-05-11 00:04:53.964000,1.08660,1.08656,2740000,1000000
2017-05-11 00:05:02.603000,1.08657,1.08654,6220000,1200000
2017-05-11 00:05:02.706000,1.08655,1.08652,2100000,1570000
2017-05-11 00:05:02.759000,1.08655,1.08650,2100000,7500000
2017-05-11 00:05:03.270000,1.08655,1.08650,2290000,3750000
2017-05-11 00:05:04.782000,1.08653,1.08650,1120000,1100000
2017-05-11 00:05:04.834000,1.08652,1.08649,2620000,2620000
2017-05-11 00:05:04.936000,1.08651,1.08648,1120000,1120000
2017-05-11 00:05:04.988000,1.08651,1.08646,2060000,3000000
2017-05-11 00:05:05.549000,1.08649,1.08645,1500000,1000000
2017-05-11 00:05:08.646000,1.08649,1.08644,1000000,10120000
2017-05-11 00:05:09.139000,1.08650,1.08647,1000000,1000000
2017-05-11 00:05:09.395000,1.08653,1.08648,6340000,2250000
2017-05-11 00:05:13.879000,1.08653,1.08649,2440000,1000000
2017-05-11 00:05:14.421000,1.08653,1.08648,2440000,6820000
2017-05-11 00:05:16.051000,1.08653,1.08649,2440000,1000000
2017-05-11 00:05:16.757000,1.08653,1.08648,2440000,6820000
2017-05-11 00:05:25.359000,1.08653,1.08649,2060000,1000000
2017-05-11 00:05:29.009000,1.08653,1.08650,1000000,1500000
2017-05-11 00:05:29.519000,1.08654,1.08650,1000000,2620000
2017-05-11 00:05:37.307000,1.08654,1.08649,1870000,5470000
2017-05-11 00:05:40.514000,1.08651,1.08649,1120000,2100000
2017-05-11 00:05:41.184000,1.08651,1.08648,1120000,1870000
2017-05-11 00:05:43.832000,1.08652,1.08648,1310000,1500000
2017-05-11 00:06:02.443000,1.08650,1.08646,1000000,3820000
2017-05-11 00:06:02.545000,1.08650,1.08646,1500000,1200000
2017-05-11 00:06:04.544000,1.08650,1.08645,3000000,4120000
2017-05-11 00:06:06.602000,1.08650,1.08647,1120000,1000000
2017-05-11 00:06:07.111000,1.08651,1.08647,1000000,3750000
2017-05-11 00:06:07.706000,1.08652,1.08647,1870000,3750000
2017-05-11 00:06:11.659000,1.08652,1.08648,1000000,1000000
2017-05-11 00:06:12.203000,1.08653,1.08648,1870000,1000000
2017-05-11 00:06:13.931000,1.08653,1.08649,1870000,1000000
2017-05-11 00:06:14.343000,1.08655,1.08651,1870000,1000000
2017-05-11 00:06:14.882000,1.08655,1.08651,1870000,1100000
2017-05-11 00:06:16.960000,1.08655,1.08651,1120000,2250000
2017-05-11 00:06:18.505000,1.08655,1.08651,1870000,1100000
2017-05-11 00:06:19.055000,1.08654,1.08651,1000000,1100000
2017-05-11 00:06:22.133000,1.08654,1.08651,1500000,1000000
2017-05-11 00:06:22.860000,1.08654,1.08649,1500000,10050000
2017-05-11 00:06:28.240000,1.08651,1.08649,1370000,1870000
2017-05-11 00:06:28.343000,1.08650,1.08647,1000000,1120000
2017-05-11 00:06:28.394000,1.08650,1.08645,1000000,4570000
2017-05-11 00:06:29.064000,1.08650,1.08646,1000000,3450000
2017-05-11 00:06:29.219000,1.08652,1.08647,2320000,3370000
2017-05-11 00:06:32.224000,1.08653,1.08649,4270000,2250000
2017-05-11 00:06:33.042000,1.08653,1.08649,4200000,2250000
2017-05-11 00:06:37.715000,1.08652,1.08647,1200000,7350000
2017-05-11 00:06:39.866000,1.08651,1.08647,1000000,8100000
2017-05-11 00:06:40.376000,1.08650,1.08646,1120000,5850000
2017-05-11 00:06:42.239000,1.08648,1.08645,1000000,4870000
2017-05-11 00:06:42.770000,1.08648,1.08645,1120000,2620000
2017-05-11 00:06:43.517000,1.08649,1.08645,1950000,1120000
2017-05-11 00:06:43.874000,1.08651,1.08646,3520000,3000000
2017-05-11 00:06:44.401000,1.08650,1.08647,1870000,1500000
2017-05-11 00:06:44.902000,1.08651,1.08646,4570000,5250000
2017-05-11 00:06:44.953000,1.08649,1.08645,1120000,6820000
2017-05-11 00:06:45.005000,1.08649,1.08645,1470000,1870000
2017-05-11 00:06:45.549000,1.08647,1.08644,1120000,3000000
2017-05-11 00:06:46.065000,1.08647,1.08644,1120000,3450000
2017-05-11 00:06:47.040000,1.08648,1.08644,1120000,2320000
2017-05-11 00:06:54.698000,1.08648,1.08645,1000000,1000000
2017-05-11 00:06:57.839000,1.08649,1.08645,1570000,1500000
2017-05-11 00:07:03.439000,1.08649,1.08645,2250000,2250000
2017-05-11 00:07:05.828000,1.08649,1.08645,1500000,2250000
2017-05-11 00:07:08.930000,1.08649,1.08645,1570000,3000000
2017-05-11 00:07:10.168000,1.08649,1.08645,1500000,2320000
2017-05-11 00:07:12.063000,1.08649,1.08645,1500000,1950000
2017-05-11 00:07:15.122000,1.08648,1.08644,2620000,5320000
2017-05-11 00:07:15.624000,1.08647,1.08644,1870000,1950000
2017-05-11 00:07:17.629000,1.08647,1.08643,1000000,5470000
2017-05-11 00:07:17.732000,1.08645,1.08642,1100000,3820000
2017-05-11 00:07:17.886000,1.08644,1.08641,1000000,2620000
2017-05-11 00:07:18.346000,1.08645,1.08642,1000000,1950000
2017-05-11 00:07:18.850000,1.08644,1.08641,1000000,1870000
2017-05-11 00:07:19.724000,1.08644,1.08641,1000000,1870000
2017-05-11 00:07:20.996000,1.08644,1.08640,1470000,2620000
2017-05-11 00:07:21.923000,1.08644,1.08640,2620000,3000000
2017-05-11 00:07:22.432000,1.08644,1.08640,1500000,4950000
2017-05-11 00:07:24.659000,1.08644,1.08641,2620000,2320000
2017-05-11 00:07:25.169000,1.08644,1.08642,1120000,1570000
2017-05-11 00:07:25.678000,1.08645,1.08642,1950000,1500000
2017-05-11 00:07:26.315000,1.08645,1.08642,1000000,1500000
2017-05-11 00:07:27.972000,1.08645,1.08643,1870000,1000000
2017-05-11 00:07:31.114000,1.08645,1.08644,1000000,1500000
2017-05-11 00:07:31.720000,1.08646,1.08644,1000000,2250000
2017-05-11 00:07:32.379000,1.08646,1.08644,1000000,2250000
2017-05-11 00:07:38.325000,1.08646,1.08644,1000000,2250000
2017-05-11 00:07:42.188000,1.08645,1.08642,1870000,2700000
2017-05-11 00:07:45.260000,1.08645,1.08643,1870000,1000000
2017-05-11 00:07:47.165000,1.08645,1.08643,1870000,1500000
2017-05-11 00:07:49.875000,1.08644,1.08642,1870000,1950000
2017-05-11 00:07:50.068000,1.08642,1.08640,1120000,1000000
2017-05-11 00:07:52.370000,1.08642,1.08639,1870000,2810000
2017-05-11 00:07:52.887000,1.08642,1.08639,1120000,6940000
2017-05-11 00:07:56.207000,1.08642,1.08639,1120000,6940000
2017-05-11 00:08:04.930000,1.08642,1.08640,1120000,1000000
2017-05-11 00:08:07.223000,1.08642,1.08639,1120000,4010000
2017-05-11 00:08:11.131000,1.08643,1.08639,1500000,5140000
2017-05-11 00:08:17.203000,1.08642,1.08639,1000000,2810000
2017-05-11 00:08:20.943000,1.08641,1.08639,1000000,2060000
2017-05-11 00:08:22.029000,1.08642,1.08639,1000000,2060000
2017-05-11 00:08:23.815000,1.08642,1.08638,2250000,1690000
2017-05-11 00:08:23.971000,1.08639,1.08637,1000000,1500000
2017-05-11 00:08:24.025000,1.08638,1.08635,1570000,9000000
2017-05-11 00:08:24.539000,1.08638,1.08635,1000000,2250000
2017-05-11 00:08:25.467000,1.08638,1.08636,1000000,1500000
2017-05-11 00:08:26.227000,1.08638,1.08636,1000000,2250000
2017-05-11 00:08:27.663000,1.08639,1.08636,1200000,3000000
2017-05-11 00:08:28.173000,1.08640,1.08637,1000000,2660000
2017-05-11 00:08:28.637000,1.08640,1.08637,1000000,3040000
2017-05-11 00:08:35.154000,1.08641,1.08639,1000000,1000000
2017-05-11 00:08:35.681000,1.08642,1.08639,1000000,1000000
2017-05-11 00:08:46.309000,1.08642,1.08638,1000000,2620000
2017-05-11 00:08:58.898000,1.08642,1.08638,1000000,4120000
2017-05-11 00:09:00.755000,1.08642,1.08638,1500000,2700000
2017-05-11 00:09:01.298000,1.08642,1.08639,1000000,1120000
2017-05-11 00:09:03.649000,1.08643,1.08639,2320000,1870000
2017-05-11 00:09:12.310000,1.08643,1.08639,1500000,3370000
2017-05-11 00:09:15.592000,1.08643,1.08639,1570000,1870000
2017-05-11 00:09:21.616000,1.08643,1.08639,1570000,1870000
2017-05-11 00:09:35.187000,1.08643,1.08639,1570000,3370000
2017-05-11 00:09:41.311000,1.08642,1.08639,1000000,1870000
2017-05-11 00:09:50.062000,1.08642,1.08641,1000000,1350000
2017-05-11 00:09:50.113000,1.08644,1.08642,1000000,1590000
2017-05-11 00:09:50.414000,1.08643,1.08639,1570000,1500000
2017-05-11 00:09:51.028000,1.08643,1.08639,1100000,1120000
2017-05-11 00:09:51.556000,1.08642,1.08639,1000000,1120000
2017-05-11 00:10:01.829000,1.08641,1.08639,1000000,1120000
2017-05-11 00:10:07.405000,1.08641,1.08638,1120000,2620000
2017-05-11 00:10:21.045000,1.08641,1.08639,1120000,1000000
2017-05-11 00:10:21.708000,1.08641,1.08637,1120000,4310000
2017-05-11 00:10:27.787000,1.08640,1.08636,1950000,1840000
2017-05-11 00:10:27.891000,1.08639,1.08636,1100000,1120000
2017-05-11 00:10:30.539000,1.08639,1.08636,1000000,3190000
2017-05-11 00:10:31.070000,1.08640,1.08637,1000000,2210000
2017-05-11 00:10:39.661000,1.08642,1.08639,1870000,1000000
2017-05-11 00:10:40.184000,1.08643,1.08639,1200000,1720000
2017-05-11 00:10:42.315000,1.08643,1.08640,1120000,1000000
2017-05-11 00:10:47.888000,1.08643,1.08639,1200000,2210000
2017-05-11 00:10:49.042000,1.08643,1.08639,1120000,3370000
2017-05-11 00:10:49.552000,1.08642,1.08639,1120000,2620000
2017-05-11 00:10:51.597000,1.08642,1.08639,1120000,1950000
2017-05-11 00:10:55.210000,1.08641,1.08638,1000000,1870000
2017-05-11 00:11:02.347000,1.08641,1.08637,1000000,6510000
2017-05-11 00:11:05.598000,1.08641,1.08637,1000000,8760000
2017-05-11 00:11:15.858000,1.08642,1.08638,1000000,4500000
2017-05-11 00:11:16.477000,1.08640,1.08638,1000000,4500000
2017-05-11 00:11:16.684000,1.08642,1.08638,4650000,4120000
2017-05-11 00:11:17.237000,1.08641,1.08638,1000000,4120000
2017-05-11 00:11:17.971000,1.08641,1.08638,1000000,4120000
2017-05-11 00:11:19.535000,1.08642,1.08638,1500000,4120000
2017-05-11 00:11:21.033000,1.08642,1.08638,1000000,5620000
2017-05-11 00:11:27.807000,1.08643,1.08638,2620000,7650000
2017-05-11 00:11:31.039000,1.08643,1.08639,1950000,1000000
2017-05-11 00:11:33.470000,1.08643,1.08638,3370000,1500000
2017-05-11 00:11:33.775000,1.08643,1.08638,2620000,3750000
2017-05-11 00:11:36.518000,1.08644,1.08641,2620000,3600000
2017-05-11 00:11:36.826000,1.08645,1.08643,1570000,3450000
2017-05-11 00:11:37.032000,1.08647,1.08643,3940000,3450000
2017-05-11 00:11:37.207000,1.08647,1.08643,2060000,5250000
2017-05-11 00:11:37.738000,1.08648,1.08643,2250000,7200000
2017-05-11 00:11:38.045000,1.08650,1.08648,1650000,1500000
2017-05-11 00:11:38.249000,1.08653,1.08648,5060000,5620000
2017-05-11 00:11:40.370000,1.08653,1.08649,6040000,1870000
2017-05-11 00:11:42.134000,1.08652,1.08650,1200000,1000000
2017-05-11 00:11:42.236000,1.08654,1.08651,2320000,1100000
2017-05-11 00:11:42.341000,1.08655,1.08653,1270000,1000000
2017-05-11 00:11:42.394000,1.08656,1.08653,1000000,1500000
2017-05-11 00:11:42.723000,1.08658,1.08655,4120000,1000000
2017-05-11 00:11:43.233000,1.08657,1.08655,1870000,1000000
2017-05-11 00:11:44.207000,1.08657,1.08655,2320000,1000000
2017-05-11 00:11:46.188000,1.08655,1.08652,1000000,2620000
2017-05-11 00:11:46.689000,1.08655,1.08652,1000000,1500000
2017-05-11 00:11:47.969000,1.08655,1.08652,2620000,1000000
2017-05-11 00:11:52.208000,1.08655,1.08652,1000000,1120000
2017-05-11 00:11:52.753000,1.08656,1.08653,1000000,2620000
2017-05-11 00:11:52.856000,1.08658,1.08654,2320000,3750000
2017-05-11 00:11:52.960000,1.08659,1.08656,5320000,1120000
2017-05-11 00:11:53.065000,1.08659,1.08654,5320000,8620000
2017-05-11 00:11:53.169000,1.08658,1.08656,1100000,1120000
2017-05-11 00:11:54.082000,1.08659,1.08656,1200000,1120000
2017-05-11 00:11:58.033000,1.08660,1.08655,4270000,6220000
2017-05-11 00:12:01.416000,1.08657,1.08654,1870000,2060000
2017-05-11 00:12:01.724000,1.08654,1.08652,1000000,1000000
2017-05-11 00:12:01.928000,1.08656,1.08652,1120000,4350000
2017-05-11 00:12:02.429000,1.08659,1.08655,1950000,1000000
2017-05-11 00:12:04.389000,1.08657,1.08656,1000000,1000000
2017-05-11 00:12:04.544000,1.08661,1.08658,4870000,1100000
2017-05-11 00:12:04.597000,1.08662,1.08658,3750000,1100000
2017-05-11 00:12:05.223000,1.08662,1.08658,1500000,7990000
2017-05-11 00:12:05.846000,1.08663,1.08659,1100000,3940000
2017-05-11 00:12:06.101000,1.08664,1.08660,1070000,3070000
2017-05-11 00:12:07.136000,1.08664,1.08661,1200000,1000000
2017-05-11 00:12:09.418000,1.08666,1.08661,5320000,1500000
2017-05-11 00:12:15.563000,1.08665,1.08662,1000000,1120000
2017-05-11 00:12:25.304000,1.08665,1.08660,1000000,6340000
2017-05-11 00:12:28.079000,1.08664,1.08660,1000000,3940000
2017-05-11 00:12:28.665000,1.08664,1.08660,1500000,3190000
2017-05-11 00:12:33.664000,1.08665,1.08662,1500000,2620000
2017-05-11 00:12:34.073000,1.08667,1.08663,1870000,1100000
2017-05-11 00:12:34.999000,1.08667,1.08664,1000000,1000000
2017-05-11 00:12:35.504000,1.08668,1.08663,6750000,3000000
2017-05-11 00:12:35.810000,1.08666,1.08663,3750000,1000000
2017-05-11 00:12:36.030000,1.08666,1.08663,1500000,1570000
2017-05-11 00:12:36.541000,1.08668,1.08664,1870000,1000000
2017-05-11 00:12:37.228000,1.08668,1.08663,2620000,3370000
2017-05-11 00:12:45.252000,1.08666,1.08663,1570000,2810000
2017-05-11 00:12:47.636000,1.08668,1.08664,1760000,1000000
2017-05-11 00:12:48.627000,1.08668,1.08663,2440000,3560000
2017-05-11 00:12:52.919000,1.08668,1.08664,1120000,1500000
2017-05-11 00:12:54.432000,1.08669,1.08664,6560000,3940000
2017-05-11 00:12:59.286000,1.08668,1.08664,2320000,1310000
2017-05-11 00:13:02.058000,1.08668,1.08663,3370000,4310000
2017-05-11 00:13:02.849000,1.08668,1.08663,1120000,5060000
2017-05-11 00:13:04.277000,1.08666,1.08663,1000000,1500000
2017-05-11 00:13:04.790000,1.08667,1.08662,2060000,3560000
2017-05-11 00:13:07.657000,1.08667,1.08663,1390000,1000000
2017-05-11 00:13:21.717000,1.08666,1.08662,2250000,3560000
2017-05-11 00:13:26.529000,1.08666,1.08662,4120000,2620000
2017-05-11 00:13:28.199000,1.08666,1.08662,3370000,2700000
2017-05-11 00:13:31.235000,1.08666,1.08663,2250000,1120000
2017-05-11 00:13:36.824000,1.08666,1.08663,1500000,1200000
2017-05-11 00:13:45.869000,1.08665,1.08663,1000000,1000000
2017-05-11 00:13:47.681000,1.08666,1.08663,2250000,1000000
2017-05-11 00:13:49.251000,1.08665,1.08663,1000000,1000000
2017-05-11 00:14:02.141000,1.08666,1.08663,2250000,1000000
2017-05-11 00:14:04.411000,1.08666,1.08663,2250000,1000000
2017-05-11 00:14:05.322000,1.08666,1.08662,2250000,2250000
2017-05-11 00:14:24.413000,1.08666,1.08662,2250000,2320000
2017-05-11 00:14:27.714000,1.08667,1.08664,5510000,1120000
2017-05-11 00:14:28.225000,1.08669,1.08665,4870000,1000000
2017-05-11 00:14:30.008000,1.08669,1.08665,3750000,1100000
2017-05-11 00:14:36.553000,1.08667,1.08665,1500000,1000000
2017-05-11 00:14:38.190000,1.08668,1.08665,1500000,1870000
2017-05-11 00:14:49.305000,1.08668,1.08665,3370000,1120000
2017-05-11 00:15:00.256000,1.08667,1.08664,1500000,1620000
2017-05-11 00:15:00.552000,1.08665,1.08660,2620000,7800000
2017-05-11 00:15:01.216000,1.08665,1.08660,1500000,10540000
2017-05-11 00:15:01.849000,1.08665,1.08660,2620000,7050000
2017-05-11 00:15:04.031000,1.08665,1.08660,3370000,8100000
2017-05-11 00:15:10.031000,1.08664,1.08661,1100000,1000000
2017-05-11 00:15:12.567000,1.08665,1.08662,3370000,1120000
2017-05-11 00:15:12.720000,1.08667,1.08664,2620000,1000000
2017-05-11 00:15:16.280000,1.08668,1.08664,1500000,1690000
2017-05-11 00:15:18.224000,1.08668,1.08665,1100000,1000000
2017-05-11 00:15:19.937000,1.08669,1.08665,2620000,3000000
2017-05-11 00:15:27.032000,1.08669,1.08666,1200000,1120000
2017-05-11 00:15:27.745000,1.08669,1.08666,1200000,4720000
2017-05-11 00:15:27.898000,1.08670,1.08669,1000000,1120000
2017-05-11 00:15:28.100000,1.08672,1.08670,1000000,1100000
2017-05-11 00:15:28.152000,1.08674,1.08670,1500000,3450000
2017-05-11 00:15:28.255000,1.08674,1.08672,1000000,1000000
2017-05-11 00:15:30.003000,1.08675,1.08672,2250000,1120000
2017-05-11 00:15:30.536000,1.08675,1.08670,2250000,5810000
2017-05-11 00:15:31.742000,1.08675,1.08670,4500000,5060000
2017-05-11 00:15:34.276000,1.08673,1.08670,1000000,4310000
2017-05-11 00:15:37.268000,1.08672,1.08670,1000000,3070000
2017-05-11 00:15:37.809000,1.08672,1.08670,1500000,1000000
2017-05-11 00:15:39.367000,1.08672,1.08669,1500000,1310000
2017-05-11 00:15:39.623000,1.08670,1.08667,1000000,2250000
2017-05-11 00:15:40.167000,1.08670,1.08666,1870000,3860000
2017-05-11 00:15:40.669000,1.08669,1.08666,1000000,2360000
2017-05-11 00:15:41.224000,1.08669,1.08667,1000000,1120000
2017-05-11 00:15:50.370000,1.08670,1.08666,1870000,3190000
2017-05-11 00:15:50.676000,1.08668,1.08666,1000000,1200000
2017-05-11 00:16:07.150000,1.08668,1.08665,1500000,1390000
2017-05-11 00:16:08.817000,1.08668,1.08665,1100000,1470000
2017-05-11 00:16:10.342000,1.08668,1.08664,1100000,3070000
2017-05-11 00:16:13.226000,1.08667,1.08663,1100000,4950000
2017-05-11 00:16:13.433000,1.08664,1.08661,1200000,1500000
2017-05-11 00:16:14.293000,1.08663,1.08661,1000000,1500000
2017-05-11 00:16:18.317000,1.08664,1.08661,1200000,1120000
2017-05-11 00:16:18.856000,1.08663,1.08660,1000000,1650000
2017-05-11 00:16:19.673000,1.08663,1.08659,1100000,6560000
2017-05-11 00:16:23.049000,1.08663,1.08659,1750000,5060000
2017-05-11 00:16:23.202000,1.08663,1.08659,1000000,7310000
2017-05-11 00:16:32.462000,1.08664,1.08659,1500000,6560000
2017-05-11 00:16:33.650000,1.08664,1.08659,2250000,5060000
2017-05-11 00:16:40.172000,1.08661,1.08659,1000000,1760000
2017-05-11 00:16:40.275000,1.08659,1.08658,1000000,1000000
2017-05-11 00:16:40.378000,1.08659,1.08656,1250000,2250000
2017-05-11 00:16:47.090000,1.08659,1.08655,4310000,2020000
2017-05-11 00:17:13.677000,1.08658,1.08655,1000000,1950000
2017-05-11 00:17:14.203000,1.08659,1.08655,1200000,1570000
2017-05-11 00:17:17.107000,1.08659,1.08655,2620000,1100000
2017-05-11 00:17:21.903000,1.08660,1.08657,6370000,1000000
2017-05-11 00:17:22.240000,1.08662,1.08659,3560000,1000000
2017-05-11 00:17:25.816000,1.08662,1.08659,2060000,2250000
2017-05-11 00:17:27.231000,1.08662,1.08659,2060000,1000000
2017-05-11 00:17:29.326000,1.08662,1.08659,2060000,2250000
2017-05-11 00:17:30.089000,1.08663,1.08659,2810000,2250000
2017-05-11 00:17:34.064000,1.08664,1.08659,3000000,9670000
2017-05-11 00:17:38.310000,1.08664,1.08661,1950000,1000000
2017-05-11 00:17:39.521000,1.08665,1.08661,5890000,1100000
2017-05-11 00:17:39.861000,1.08667,1.08664,1120000,1000000
2017-05-11 00:17:39.917000,1.08668,1.08664,3640000,1100000
2017-05-11 00:17:45.777000,1.08666,1.08664,1120000,1000000
2017-05-11 00:17:46.309000,1.08666,1.08663,3370000,1570000
2017-05-11 00:17:46.815000,1.08666,1.08663,4120000,1100000
2017-05-11 00:17:47.357000,1.08666,1.08663,2620000,1100000
2017-05-11 00:17:47.907000,1.08667,1.08664,2700000,1000000
2017-05-11 00:17:49.016000,1.08668,1.08664,1950000,1500000
2017-05-11 00:17:49.517000,1.08667,1.08664,1000000,1500000
2017-05-11 00:18:09.535000,1.08667,1.08663,1100000,3300000
2017-05-11 00:18:10.342000,1.08667,1.08663,3370000,1000000
2017-05-11 00:18:11.974000,1.08668,1.08664,3000000,3000000
2017-05-11 00:18:12.128000,1.08669,1.08664,2620000,4570000
2017-05-11 00:18:12.650000,1.08668,1.08665,1000000,2400000
2017-05-11 00:18:17.489000,1.08668,1.08665,1000000,3070000
2017-05-11 00:18:18.089000,1.08670,1.08665,3000000,3750000
2017-05-11 00:18:36.931000,1.08670,1.08666,1870000,2620000
2017-05-11 00:18:39.200000,1.08671,1.08666,2810000,2620000
2017-05-11 00:18:40.128000,1.08669,1.08666,1000000,1870000
2017-05-11 00:18:41.694000,1.08669,1.08666,1000000,1200000
2017-05-11 00:18:52.570000,1.08670,1.08667,1870000,2100000
2017-05-11 00:18:53.089000,1.08669,1.08666,1120000,2060000
2017-05-11 00:18:58.324000,1.08669,1.08665,1950000,1720000
2017-05-11 00:19:01.847000,1.08668,1.08665,1000000,1120000
2017-05-11 00:19:02.564000,1.08666,1.08664,1000000,1870000
2017-05-11 00:19:02.820000,1.08665,1.08661,1870000,4720000
2017-05-11 00:19:03.429000,1.08665,1.08661,1870000,4350000
2017-05-11 00:19:07.040000,1.08665,1.08661,1100000,3450000
2017-05-11 00:19:07.712000,1.08665,1.08661,1100000,3970000
2017-05-11 00:19:21.682000,1.08664,1.08661,1000000,1950000
2017-05-11 00:19:29.932000,1.08664,1.08661,1870000,1100000
2017-05-11 00:19:30.476000,1.08663,1.08660,1000000,1000000
2017-05-11 00:19:34.992000,1.08663,1.08660,1000000,1570000
2017-05-11 00:19:35.524000,1.08664,1.08660,1870000,4500000
2017-05-11 00:19:39.787000,1.08664,1.08661,1000000,1200000
2017-05-11 00:19:44.568000,1.08665,1.08661,4570000,1120000
2017-05-11 00:19:44.620000,1.08665,1.08663,1000000,1120000
2017-05-11 00:19:44.725000,1.08667,1.08664,4570000,1500000
2017-05-11 00:19:45.186000,1.08668,1.08665,1000000,1120000
2017-05-11 00:19:49.709000,1.08669,1.08666,1000000,2100000
2017-05-11 00:19:54.583000,1.08669,1.08666,1000000,3000000
2017-05-11 00:20:00.572000,1.08669,1.08665,1000000,5550000
2017-05-11 00:20:01.115000,1.08669,1.08665,2250000,4050000
2017-05-11 00:20:02.361000,1.08669,1.08665,1500000,3970000
2017-05-11 00:20:04.256000,1.08668,1.08665,1000000,3220000
2017-05-11 00:20:04.773000,1.08668,1.08665,1100000,1120000
2017-05-11 00:20:07.260000,1.08670,1.08668,1570000,1370000
2017-05-11 00:20:07.771000,1.08673,1.08670,1750000,2100000
2017-05-11 00:20:08.446000,1.08673,1.08670,1100000,2100000
2017-05-11 00:20:09.500000,1.08672,1.08670,1000000,1120000
2017-05-11 00:20:09.603000,1.08670,1.08667,1000000,2250000
2017-05-11 00:20:09.655000,1.08670,1.08667,1000000,1870000
2017-05-11 00:20:09.759000,1.08669,1.08665,1500000,5170000
2017-05-11 00:20:10.335000,1.08669,1.08664,2250000,11470000
2017-05-11 00:20:20.554000,1.08668,1.08664,1500000,5920000
2017-05-11 00:20:21.207000,1.08667,1.08664,1000000,3750000
2017-05-11 00:20:21.411000,1.08666,1.08662,1100000,11920000
2017-05-11 00:20:21.956000,1.08665,1.08662,1870000,1000000
2017-05-11 00:20:23.858000,1.08664,1.08661,1000000,1000000
2017-05-11 00:20:26.130000,1.08664,1.08659,1500000,14850000
2017-05-11 00:20:27.359000,1.08665,1.08661,3820000,1870000
2017-05-11 00:20:27.597000,1.08666,1.08663,1000000,1000000
2017-05-11 00:20:28.245000,1.08667,1.08664,1100000,1870000
2017-05-11 00:20:32.179000,1.08667,1.08664,1000000,1870000
2017-05-11 00:20:36.280000,1.08667,1.08664,1000000,1870000
2017-05-11 00:20:43.565000,1.08667,1.08664,1000000,1500000
2017-05-11 00:20:46.139000,1.08667,1.08664,1500000,1500000
2017-05-11 00:20:46.397000,1.08665,1.08661,1100000,2620000
2017-05-11 00:20:49.691000,1.08664,1.08660,1000000,3000000
2017-05-11 00:20:53.688000,1.08664,1.08660,1100000,3000000
2017-05-11 00:21:48.127000,1.08665,1.08661,2620000,2170000
2017-05-11 00:21:48.434000,1.08668,1.08664,3820000,4500000
2017-05-11 00:21:48.893000,1.08668,1.08666,1000000,3600000
2017-05-11 00:21:48.946000,1.08671,1.08667,5320000,1100000
2017-05-11 00:21:49.692000,1.08671,1.08667,2620000,1100000
2017-05-11 00:21:53.311000,1.08671,1.08667,4120000,1000000
2017-05-11 00:21:53.725000,1.08672,1.08668,1100000,1500000
2017-05-11 00:21:54.251000,1.08673,1.08670,1000000,2250000
2017-05-11 00:21:54.831000,1.08674,1.08670,1120000,3000000
2017-05-11 00:21:58.097000,1.08675,1.08670,3260000,7720000
2017-05-11 00:22:03.572000,1.08675,1.08670,2440000,7720000
2017-05-11 00:22:34.475000,1.08676,1.08673,3370000,1870000
2017-05-11 00:22:34.783000,1.08678,1.08676,1120000,3220000
2017-05-11 00:22:34.835000,1.08681,1.08676,7500000,4720000
2017-05-11 00:22:35.482000,1.08681,1.08677,7120000,1000000
2017-05-11 00:22:35.813000,1.08677,1.08676,1000000,1500000
2017-05-11 00:22:36.324000,1.08677,1.08675,1500000,1350000
2017-05-11 00:22:43.160000,1.08675,1.08673,1000000,1120000
2017-05-11 00:22:44.049000,1.08675,1.08671,1000000,1500000
2017-05-11 00:22:48.951000,1.08676,1.08672,2400000,1000000
2017-05-11 00:22:50.208000,1.08676,1.08670,3750000,8470000
2017-05-11 00:22:50.737000,1.08676,1.08672,2250000,1000000
2017-05-11 00:22:52.580000,1.08676,1.08673,1500000,1000000
2017-05-11 00:23:01.178000,1.08676,1.08673,1500000,1500000
2017-05-11 00:23:08.747000,1.08676,1.08672,1500000,1500000
2017-05-11 00:23:10.164000,1.08675,1.08670,1000000,6220000
2017-05-11 00:23:10.697000,1.08675,1.08672,1000000,1000000
2017-05-11 00:23:11.256000,1.08676,1.08672,1500000,1500000
2017-05-11 00:23:12.464000,1.08676,1.08672,3070000,1000000
2017-05-11 00:23:22.308000,1.08675,1.08670,1000000,9220000
2017-05-11 00:23:23.435000,1.08676,1.08672,1570000,1000000
2017-05-11 00:23:25.406000,1.08675,1.08672,1120000,1000000
2017-05-11 00:23:37.774000,1.08674,1.08671,1000000,1500000
2017-05-11 00:23:38.297000,1.08674,1.08670,1000000,2620000
2017-05-11 00:23:45.354000,1.08673,1.08669,3000000,1870000
2017-05-11 00:23:45.406000,1.08673,1.08669,3750000,1120000
2017-05-11 00:23:45.916000,1.08672,1.08668,1200000,2620000
2017-05-11 00:24:07.758000,1.08672,1.08669,1950000,1500000
2017-05-11 00:24:09.507000,1.08672,1.08669,1870000,2250000
2017-05-11 00:24:21.524000,1.08672,1.08668,1000000,1870000
2017-05-11 00:24:21.729000,1.08674,1.08670,1120000,1750000
2017-05-11 00:24:22.178000,1.08676,1.08672,1950000,1570000
2017-05-11 00:24:22.332000,1.08677,1.08675,1100000,1000000
2017-05-11 00:24:23.023000,1.08676,1.08675,1000000,1000000
2017-05-11 00:24:26.100000,1.08676,1.08674,1000000,1120000
2017-05-11 00:24:26.154000,1.08678,1.08674,1650000,3220000
2017-05-11 00:24:26.512000,1.08679,1.08676,2250000,1000000
2017-05-11 00:24:27.072000,1.08680,1.08676,2250000,1100000
2017-05-11 00:24:47.345000,1.08678,1.08674,1000000,6600000
2017-05-11 00:24:47.866000,1.08679,1.08675,1500000,1870000
2017-05-11 00:24:48.749000,1.08679,1.08675,3750000,1120000
2017-05-11 00:24:49.299000,1.08676,1.08674,1000000,1500000
2017-05-11 00:24:49.822000,1.08676,1.08673,1000000,1570000
2017-05-11 00:24:53.492000,1.08676,1.08670,4500000,9260000
2017-05-11 00:24:54.231000,1.08675,1.08670,1000000,3560000
2017-05-11 00:24:54.590000,1.08674,1.08670,1100000,2060000
2017-05-11 00:24:55.105000,1.08674,1.08670,3370000,1000000
2017-05-11 00:25:00.154000,1.08674,1.08670,5250000,1100000
2017-05-11 00:25:00.692000,1.08673,1.08669,1500000,4120000
2017-05-11 00:25:01.521000,1.08673,1.08669,2250000,1950000
2017-05-11 00:25:04.176000,1.08672,1.08669,1000000,1000000
2017-05-11 00:25:09.136000,1.08673,1.08670,4310000,1000000
2017-05-11 00:25:11.135000,1.08673,1.08670,1250000,1500000
2017-05-11 00:25:13.830000,1.08673,1.08670,1250000,1000000
2017-05-11 00:25:14.443000,1.08673,1.08670,5060000,1000000
2017-05-11 00:25:15.412000,1.08670,1.08669,1000000,1000000
2017-05-11 00:25:15.745000,1.08661,1.08658,5810000,1000000
2017-05-11 00:25:16.057000,1.08663,1.08659,8060000,1870000
2017-05-11 00:25:16.602000,1.08663,1.08659,2440000,4500000
2017-05-11 00:25:21.641000,1.08664,1.08659,6000000,6750000
2017-05-11 00:25:22.189000,1.08664,1.08661,1120000,1000000
2017-05-11 00:25:22.708000,1.08664,1.08660,1120000,3450000
2017-05-11 00:25:23.241000,1.08665,1.08661,7310000,1100000
2017-05-11 00:25:26.236000,1.08666,1.08662,7200000,1100000
2017-05-11 00:25:27.323000,1.08666,1.08661,5210000,3370000
2017-05-11 00:25:28.444000,1.08666,1.08661,7160000,6000000
2017-05-11 00:25:33.526000,1.08665,1.08661,1100000,3370000
2017-05-11 00:25:41.509000,1.08665,1.08661,2770000,1570000
2017-05-11 00:25:44.257000,1.08665,1.08661,2770000,1850000
2017-05-11 00:25:45.605000,1.08665,1.08660,4270000,3000000
2017-05-11 00:25:50.123000,1.08664,1.08661,1000000,1000000
2017-05-11 00:25:59.710000,1.08665,1.08660,8210000,5250000
2017-05-11 00:26:02.049000,1.08665,1.08660,5810000,4500000
2017-05-11 00:26:02.612000,1.08665,1.08660,6560000,4500000
2017-05-11 00:26:13.586000,1.08665,1.08660,6190000,3370000
2017-05-11 00:26:21.444000,1.08665,1.08661,4840000,1100000
2017-05-11 00:26:33.079000,1.08665,1.08661,3710000,1500000
2017-05-11 00:26:44.150000,1.08665,1.08660,5590000,3000000
2017-05-11 00:26:45.076000,1.08664,1.08660,1500000,2320000
2017-05-11 00:26:46.195000,1.08664,1.08660,1000000,2250000
2017-05-11 00:26:49.352000,1.08664,1.08660,1100000,1500000
2017-05-11 00:27:21.914000,1.08664,1.08660,4690000,1500000
2017-05-11 00:27:22.473000,1.08664,1.08660,3260000,2620000
2017-05-11 00:27:27.578000,1.08664,1.08659,5210000,1500000
2017-05-11 00:27:30.446000,1.08664,1.08660,5210000,1000000
2017-05-11 00:27:31.728000,1.08663,1.08659,1000000,1000000
2017-05-11 00:27:31.780000,1.08660,1.08659,1100000,1000000
2017-05-11 00:27:31.994000,1.08656,1.08654,2250000,1000000
2017-05-11 00:27:32.047000,1.08656,1.08652,8810000,4420000
2017-05-11 00:27:32.765000,1.08657,1.08653,6260000,1500000
2017-05-11 00:27:36.430000,1.08657,1.08654,2060000,1000000
2017-05-11 00:27:38.074000,1.08657,1.08653,1310000,3000000
2017-05-11 00:27:40.037000,1.08658,1.08654,5440000,1000000
2017-05-11 00:27:40.293000,1.08659,1.08656,5140000,1000000
2017-05-11 00:27:40.589000,1.08660,1.08657,1000000,1100000
2017-05-11 00:27:40.898000,1.08661,1.08659,1120000,1000000
2017-05-11 00:27:40.951000,1.08663,1.08660,2810000,1100000
2017-05-11 00:27:41.468000,1.08664,1.08660,3940000,1100000
2017-05-11 00:27:43.059000,1.08664,1.08660,2060000,2250000
2017-05-11 00:28:00.722000,1.08665,1.08660,2620000,4120000
2017-05-11 00:28:02.302000,1.08665,1.08661,2770000,1200000
2017-05-11 00:28:02.818000,1.08665,1.08662,2770000,1000000
2017-05-11 00:28:11.693000,1.08664,1.08661,1100000,1500000
2017-05-11 00:28:12.208000,1.08665,1.08661,1200000,1500000
2017-05-11 00:28:13.149000,1.08665,1.08661,2100000,1500000
2017-05-11 00:28:22.404000,1.08665,1.08661,1500000,1200000
2017-05-11 00:28:23.773000,1.08665,1.08661,3820000,1120000
2017-05-11 00:28:25.131000,1.08665,1.08661,3000000,1200000
2017-05-11 00:28:27.582000,1.08665,1.08662,3000000,1000000
2017-05-11 00:28:27.940000,1.08667,1.08663,1000000,3000000
2017-05-11 00:28:28.522000,1.08668,1.08663,7500000,3000000
2017-05-11 00:28:30.839000,1.08668,1.08663,5250000,2250000
2017-05-11 00:28:31.492000,1.08668,1.08663,4500000,2250000
2017-05-11 00:28:37.391000,1.08668,1.08664,5620000,1000000
2017-05-11 00:28:37.910000,1.08668,1.08664,1500000,1200000
2017-05-11 00:28:38.865000,1.08668,1.08664,1650000,1200000
2017-05-11 00:28:41.383000,1.08668,1.08664,1500000,1200000
2017-05-11 00:28:41.937000,1.08668,1.08664,2250000,1120000
2017-05-11 00:28:51.018000,1.08668,1.08665,2250000,1000000
2017-05-11 00:28:55.959000,1.08669,1.08665,1500000,1200000
2017-05-11 00:29:03.331000,1.08668,1.08665,1120000,1100000
2017-05-11 00:29:03.485000,1.08666,1.08663,1000000,1120000
2017-05-11 00:29:06.299000,1.08669,1.08663,9640000,4120000
2017-05-11 00:29:10.053000,1.08668,1.08664,1500000,1000000
2017-05-11 00:29:13.935000,1.08668,1.08663,2250000,4500000
2017-05-11 00:29:17.515000,1.08669,1.08664,4760000,2250000
2017-05-11 00:29:22.236000,1.08669,1.08664,4690000,1120000
2017-05-11 00:29:27.161000,1.08669,1.08665,4120000,1120000
2017-05-11 00:29:29.445000,1.08669,1.08664,4500000,1120000
2017-05-11 00:29:33.839000,1.08669,1.08664,6190000,2320000
2017-05-11 00:29:38.683000,1.08669,1.08665,1120000,3970000
2017-05-11 00:29:39.539000,1.08669,1.08665,1120000,3970000
2017-05-11 00:29:40.486000,1.08670,1.08665,4120000,4720000
2017-05-11 00:29:41.012000,1.08670,1.08665,4120000,4720000
2017-05-11 00:29:56.411000,1.08670,1.08665,3750000,3220000
2017-05-11 00:30:00.553000,1.08669,1.08666,1000000,1100000
2017-05-11 00:30:01.083000,1.08670,1.08666,3000000,1100000
2017-05-11 00:30:34.226000,1.08669,1.08666,1120000,1100000
2017-05-11 00:30:34.435000,1.08668,1.08665,2250000,1000000
2017-05-11 00:30:34.487000,1.08667,1.08663,1500000,1120000
2017-05-11 00:30:35.009000,1.08667,1.08663,4200000,1000000
2017-05-11 00:30:35.530000,1.08665,1.08662,1000000,1000000
2017-05-11 00:30:36.273000,1.08665,1.08661,1000000,1500000
2017-05-11 00:30:40.657000,1.08665,1.08662,1000000,1000000
2017-05-11 00:30:42.510000,1.08665,1.08661,1100000,1870000
2017-05-11 00:30:43.029000,1.08665,1.08661,1000000,1120000
2017-05-11 00:30:44.222000,1.08665,1.08660,2620000,4500000
2017-05-11 00:30:47.593000,1.08665,1.08661,1100000,1000000
2017-05-11 00:30:51.468000,1.08666,1.08662,2250000,1120000
2017-05-11 00:30:52.019000,1.08666,1.08662,2620000,1270000
2017-05-11 00:31:02.187000,1.08666,1.08661,1120000,2620000
2017-05-11 00:31:06.622000,1.08667,1.08662,1950000,3370000
2017-05-11 00:31:06.677000,1.08668,1.08662,5140000,6750000
2017-05-11 00:31:08.363000,1.08668,1.08665,1120000,1000000
2017-05-11 00:31:11.290000,1.08668,1.08663,3370000,3450000
2017-05-11 00:31:12.639000,1.08668,1.08665,1120000,1000000
2017-05-11 00:31:18.129000,1.08668,1.08664,4950000,1500000
2017-05-11 00:31:18.642000,1.08667,1.08664,2700000,1500000
2017-05-11 00:31:23.155000,1.08667,1.08664,5920000,1000000
2017-05-11 00:31:23.684000,1.08666,1.08663,1870000,1100000
2017-05-11 00:31:26.188000,1.08666,1.08663,2620000,1000000
2017-05-11 00:31:27.632000,1.08667,1.08663,5250000,1500000
2017-05-11 00:31:29.145000,1.08667,1.08664,5170000,1000000
2017-05-11 00:31:37.242000,1.08665,1.08662,1000000,1370000
2017-05-11 00:31:41.663000,1.08665,1.08661,1200000,1080000
2017-05-11 00:31:45.878000,1.08665,1.08661,2320000,1580000
2017-05-11 00:31:56.783000,1.08665,1.08661,2250000,1120000
2017-05-11 00:31:58.783000,1.08665,1.08660,2250000,1870000
2017-05-11 00:32:03.270000,1.08664,1.08660,1120000,1870000
2017-05-11 00:32:05.639000,1.08664,1.08660,1120000,1870000
2017-05-11 00:32:07.518000,1.08664,1.08660,1120000,1870000
2017-05-11 00:32:12.051000,1.08665,1.08661,2470000,1200000
2017-05-11 00:32:14.845000,1.08665,1.08660,4350000,7870000
2017-05-11 00:32:15.169000,1.08667,1.08662,2620000,3000000
2017-05-11 00:32:15.907000,1.08667,1.08661,6450000,5470000
2017-05-11 00:32:16.418000,1.08666,1.08662,1200000,1000000
2017-05-11 00:32:17.078000,1.08665,1.08662,1120000,1000000
2017-05-11 00:32:17.606000,1.08665,1.08661,1870000,2250000
2017-05-11 00:32:19.993000,1.08665,1.08661,1100000,3000000
2017-05-11 00:32:29.675000,1.08666,1.08661,8100000,2250000
2017-05-11 00:32:32.309000,1.08666,1.08661,9600000,1500000
2017-05-11 00:33:00.421000,1.08664,1.08661,1000000,1000000
2017-05-11 00:33:01.104000,1.08663,1.08660,1000000,1000000
2017-05-11 00:33:05.641000,1.08665,1.08660,3000000,1500000
2017-05-11 00:33:17.766000,1.08665,1.08660,1500000,2700000
2017-05-11 00:33:28.022000,1.08665,1.08660,3000000,3370000
2017-05-11 00:33:36.897000,1.08666,1.08660,12490000,3750000
2017-05-11 00:33:37.305000,1.08667,1.08662,5620000,3070000
2017-05-11 00:33:37.811000,1.08667,1.08664,1120000,1500000
2017-05-11 00:33:45.107000,1.08668,1.08663,3260000,2620000
2017-05-11 00:33:45.633000,1.08668,1.08664,2510000,1000000
2017-05-11 00:34:01.645000,1.08668,1.08664,1500000,1000000
2017-05-11 00:34:01.750000,1.08668,1.08666,1000000,1000000
2017-05-11 00:34:02.274000,1.08669,1.08666,1500000,1000000
2017-05-11 00:34:02.780000,1.08668,1.08665,1370000,1500000
2017-05-11 00:34:03.290000,1.08668,1.08665,3750000,1000000
2017-05-11 00:34:06.516000,1.08667,1.08665,1000000,1000000
2017-05-11 00:34:06.843000,1.08665,1.08664,1120000,1000000
2017-05-11 00:34:07.485000,1.08666,1.08664,1870000,1000000
2017-05-11 00:34:08.017000,1.08666,1.08664,1870000,2250000
2017-05-11 00:34:10.389000,1.08666,1.08664,1870000,1000000
2017-05-11 00:34:28.870000,1.08665,1.08663,1000000,1500000
2017-05-11 00:34:29.382000,1.08666,1.08664,2620000,1000000
2017-05-11 00:34:33.587000,1.08668,1.08666,2250000,1350000
2017-05-11 00:34:33.896000,1.08670,1.08668,1500000,3000000
2017-05-11 00:34:34.100000,1.08669,1.08667,1000000,2920000
2017-05-11 00:34:34.688000,1.08669,1.08667,1000000,4350000
2017-05-11 00:34:35.259000,1.08670,1.08667,1500000,4350000
2017-05-11 00:34:35.413000,1.08672,1.08670,1950000,1350000
2017-05-11 00:34:35.668000,1.08674,1.08669,1870000,7350000
2017-05-11 00:34:36.170000,1.08674,1.08671,1000000,3600000
2017-05-11 00:34:37.463000,1.08673,1.08670,1120000,1200000
2017-05-11 00:34:37.616000,1.08672,1.08669,1000000,4870000
2017-05-11 00:34:38.163000,1.08672,1.08669,1000000,3970000
2017-05-11 00:34:38.838000,1.08672,1.08669,1000000,3970000
2017-05-11 00:34:39.413000,1.08671,1.08669,1000000,2620000
2017-05-11 00:34:39.811000,1.08673,1.08671,1100000,1000000
2017-05-11 00:34:40.024000,1.08676,1.08674,1000000,3000000
2017-05-11 00:34:40.280000,1.08678,1.08674,5060000,1000000
2017-05-11 00:34:40.434000,1.08678,1.08676,1000000,1000000
2017-05-11 00:34:41.198000,1.08678,1.08676,1370000,1000000
2017-05-11 00:34:41.474000,1.08676,1.08673,1000000,1500000
2017-05-11 00:34:41.525000,1.08674,1.08673,1000000,1000000
2017-05-11 00:34:43.415000,1.08674,1.08672,1000000,1000000
2017-05-11 00:34:44.506000,1.08677,1.08673,3900000,1000000
2017-05-11 00:34:44.659000,1.08678,1.08673,2700000,2250000
2017-05-11 00:34:45.396000,1.08678,1.08673,2620000,3000000
2017-05-11 00:34:48.110000,1.08678,1.08674,2700000,1000000
2017-05-11 00:34:49.097000,1.08678,1.08673,3370000,3000000
2017-05-11 00:35:04.863000,1.08676,1.08672,1000000,3370000
2017-05-11 00:35:08.050000,1.08676,1.08672,1000000,1570000
2017-05-11 00:35:16.207000,1.08676,1.08672,2250000,1500000
2017-05-11 00:35:25.155000,1.08674,1.08671,1000000,1500000
2017-05-11 00:35:26.884000,1.08674,1.08671,3000000,1000000
2017-05-11 00:35:34.525000,1.08673,1.08670,1000000,2100000
2017-05-11 00:35:48.102000,1.08673,1.08669,1870000,1650000
2017-05-11 00:35:48.619000,1.08672,1.08668,1870000,1870000
2017-05-11 00:35:51.190000,1.08672,1.08668,3370000,1120000
2017-05-11 00:35:51.601000,1.08670,1.08665,3220000,2700000
2017-05-11 00:35:58.088000,1.08668,1.08664,1870000,1950000
2017-05-11 00:35:58.598000,1.08668,1.08664,1870000,1120000
2017-05-11 00:36:01.679000,1.08668,1.08663,12070000,1500000
2017-05-11 00:36:02.192000,1.08668,1.08664,8700000,1120000
2017-05-11 00:36:09.803000,1.08668,1.08664,7870000,1120000
2017-05-11 00:36:10.600000,1.08665,1.08663,1000000,1870000
2017-05-11 00:36:11.149000,1.08665,1.08664,1000000,1120000
2017-05-11 00:36:11.338000,1.08668,1.08664,1500000,1200000
2017-05-11 00:36:12.763000,1.08668,1.08663,2620000,3370000
2017-05-11 00:36:13.006000,1.08670,1.08665,6750000,1500000
2017-05-11 00:36:13.588000,1.08670,1.08665,5620000,1500000
2017-05-11 00:36:36.504000,1.08669,1.08665,3190000,2620000
2017-05-11 00:36:45.132000,1.08669,1.08665,3260000,1870000
2017-05-11 00:36:45.685000,1.08669,1.08665,3190000,2620000
2017-05-11 00:36:46.528000,1.08670,1.08666,3940000,3670000
2017-05-11 00:36:46.835000,1.08672,1.08668,3940000,1500000
2017-05-11 00:36:51.024000,1.08673,1.08668,6190000,3000000
2017-05-11 00:37:03.493000,1.08672,1.08669,1000000,1000000
2017-05-11 00:37:09.761000,1.08672,1.08667,4690000,7310000
2017-05-11 00:37:19.580000,1.08672,1.08667,5440000,5660000
2017-05-11 00:37:19.989000,1.08673,1.08668,5440000,3750000
2017-05-11 00:37:21.263000,1.08673,1.08669,5140000,1000000
2017-05-11 00:37:22.473000,1.08673,1.08669,3940000,2250000
2017-05-11 00:37:26.390000,1.08673,1.08669,4010000,1000000
2017-05-11 00:37:30.128000,1.08673,1.08670,1250000,1300000
2017-05-11 00:37:38.324000,1.08672,1.08669,1000000,3750000
2017-05-11 00:37:40.882000,1.08672,1.08669,1000000,2250000
2017-05-11 00:37:42.708000,1.08672,1.08670,1000000,2100000
2017-05-11 00:37:43.236000,1.08673,1.08670,2810000,3670000
2017-05-11 00:37:46.284000,1.08673,1.08670,2810000,3600000
2017-05-11 00:38:05.683000,1.08673,1.08670,5060000,1000000
2017-05-11 00:38:08.811000,1.08671,1.08668,1000000,4120000
2017-05-11 00:38:14.283000,1.08672,1.08669,1120000,1200000
2017-05-11 00:38:15.326000,1.08671,1.08669,1000000,1200000
2017-05-11 00:38:15.842000,1.08671,1.08667,2210000,1500000
2017-05-11 00:38:18.447000,1.08670,1.08666,2810000,3670000
2017-05-11 00:38:18.602000,1.08668,1.08665,1000000,4420000
2017-05-11 00:38:21.141000,1.08668,1.08665,1120000,1100000
2017-05-11 00:38:21.193000,1.08666,1.08664,1000000,1170000
2017-05-11 00:38:21.715000,1.08667,1.08664,2960000,1170000
2017-05-11 00:38:22.226000,1.08666,1.08664,1000000,1170000
2017-05-11 00:38:24.751000,1.08666,1.08662,3000000,10420000
2017-05-11 00:38:27.597000,1.08667,1.08665,3970000,5100000
2017-05-11 00:38:27.897000,1.08671,1.08667,5510000,3600000
2017-05-11 00:38:39.721000,1.08671,1.08670,1250000,1000000
2017-05-11 00:38:40.982000,1.08671,1.08668,1250000,2770000
2017-05-11 00:38:46.068000,1.08671,1.08667,1010000,4800000
2017-05-11 00:38:49.207000,1.08671,1.08668,2440000,1070000
2017-05-11 00:38:51.602000,1.08671,1.08667,8440000,2320000
2017-05-11 00:38:51.939000,1.08669,1.08665,4760000,5170000
2017-05-11 00:38:55.930000,1.08669,1.08665,4840000,2920000
2017-05-11 00:39:02.802000,1.08668,1.08664,1690000,3220000
2017-05-11 00:39:03.342000,1.08667,1.08664,1690000,1150000
2017-05-11 00:39:05.929000,1.08666,1.08664,2250000,1170000
2017-05-11 00:39:06.924000,1.08666,1.08663,2250000,1250000
2017-05-11 00:39:08.181000,1.08668,1.08663,9260000,1650000
2017-05-11 00:39:13.529000,1.08666,1.08663,2620000,1650000
2017-05-11 00:39:20.936000,1.08666,1.08663,3820000,1100000
2017-05-11 00:39:28.804000,1.08666,1.08663,3750000,2320000
2017-05-11 00:39:31.146000,1.08668,1.08663,4690000,2920000
2017-05-11 00:39:41.818000,1.08668,1.08664,4760000,1000000
2017-05-11 00:39:47.194000,1.08668,1.08664,1000000,4350000
2017-05-11 00:39:47.715000,1.08668,1.08665,1000000,1000000
2017-05-11 00:39:48.315000,1.08669,1.08665,1390000,1500000
2017-05-11 00:39:48.665000,1.08670,1.08667,2620000,2100000
2017-05-11 00:39:48.901000,1.08671,1.08668,1120000,4420000
2017-05-11 00:39:49.411000,1.08672,1.08668,2060000,5250000
2017-05-11 00:39:50.204000,1.08672,1.08670,1310000,1000000
2017-05-11 00:39:56.114000,1.08672,1.08669,1310000,1200000
2017-05-11 00:39:57.919000,1.08672,1.08670,4310000,1000000
2017-05-11 00:39:58.575000,1.08672,1.08670,4760000,1000000
2017-05-11 00:40:00.884000,1.08672,1.08668,5590000,1870000
2017-05-11 00:40:01.470000,1.08672,1.08669,4090000,1650000
2017-05-11 00:40:02.112000,1.08672,1.08668,5140000,2620000
2017-05-11 00:40:03.356000,1.08672,1.08669,4760000,1200000
2017-05-11 00:40:03.988000,1.08672,1.08669,5140000,1000000
2017-05-11 00:40:04.528000,1.08672,1.08668,5140000,2920000
2017-05-11 00:40:08.047000,1.08672,1.08669,3370000,1000000
2017-05-11 00:40:12.738000,1.08672,1.08669,1120000,2250000
2017-05-11 00:40:13.256000,1.08673,1.08669,5440000,2250000
2017-05-11 00:40:28.308000,1.08672,1.08669,1000000,2250000
2017-05-11 00:40:34.753000,1.08673,1.08670,1200000,1000000
2017-05-11 00:40:36.948000,1.08674,1.08670,6190000,1500000
2017-05-11 00:40:42.632000,1.08673,1.08669,4570000,3750000
2017-05-11 00:40:43.080000,1.08671,1.08669,1120000,2250000
2017-05-11 00:40:43.286000,1.08669,1.08666,3000000,1000000
2017-05-11 00:40:52.265000,1.08669,1.08665,3450000,1000000
2017-05-11 00:41:01.090000,1.08669,1.08665,3370000,2250000
2017-05-11 00:41:06.709000,1.08669,1.08665,4120000,1500000
2017-05-11 00:41:09.316000,1.08669,1.08665,3370000,2250000
2017-05-11 00:41:13.801000,1.08670,1.08666,8440000,1100000
2017-05-11 00:41:14.803000,1.08670,1.08665,8810000,2100000
2017-05-11 00:41:14.905000,1.08669,1.08665,1120000,1350000
2017-05-11 00:41:17.554000,1.08670,1.08665,10310000,2850000
2017-05-11 00:41:18.867000,1.08670,1.08665,9640000,2850000
2017-05-11 00:41:19.371000,1.08670,1.08665,10390000,2100000
2017-05-11 00:41:22.252000,1.08668,1.08664,3000000,4350000
2017-05-11 00:41:23.103000,1.08668,1.08664,6000000,1000000
2017-05-11 00:41:24.920000,1.08667,1.08664,1100000,1000000
2017-05-11 00:41:32.744000,1.08668,1.08664,1000000,1870000
2017-05-11 00:41:36.538000,1.08669,1.08664,5810000,1870000
2017-05-11 00:41:42.306000,1.08669,1.08666,1500000,1350000
2017-05-11 00:41:42.616000,1.08670,1.08667,2620000,2850000
2017-05-11 00:41:42.821000,1.08672,1.08668,1120000,1570000
2017-05-11 00:41:43.801000,1.08673,1.08668,1500000,1500000
2017-05-11 00:41:47.041000,1.08673,1.08668,2250000,1870000
2017-05-11 00:41:48.842000,1.08673,1.08669,1270000,1000000
2017-05-11 00:41:50.126000,1.08673,1.08668,1120000,2850000
2017-05-11 00:41:50.860000,1.08673,1.08668,3070000,4720000
2017-05-11 00:41:52.727000,1.08673,1.08668,3070000,5100000
2017-05-11 00:41:58.729000,1.08673,1.08668,4120000,5470000
2017-05-11 00:41:59.272000,1.08671,1.08667,1000000,7050000
2017-05-11 00:42:02.977000,1.08671,1.08667,5620000,1500000
2017-05-11 00:42:03.130000,1.08669,1.08665,2620000,3300000
2017-05-11 00:42:03.825000,1.08668,1.08664,1870000,2100000
2017-05-11 00:42:06.069000,1.08668,1.08665,1870000,1870000
2017-05-11 00:42:07.023000,1.08668,1.08665,1120000,1870000
2017-05-11 00:42:07.075000,1.08669,1.08665,3000000,1950000
2017-05-11 00:42:10.954000,1.08667,1.08664,1000000,1450000
2017-05-11 00:42:11.564000,1.08667,1.08662,1500000,5250000
2017-05-11 00:42:12.098000,1.08667,1.08662,2250000,3370000
2017-05-11 00:42:14.169000,1.08667,1.08662,3000000,2250000
2017-05-11 00:42:15.050000,1.08666,1.08662,1000000,2250000
2017-05-11 00:42:15.558000,1.08666,1.08662,1000000,3450000
2017-05-11 00:42:16.084000,1.08666,1.08662,1000000,1000000
2017-05-11 00:42:17.298000,1.08667,1.08662,3070000,1000000
2017-05-11 00:42:17.895000,1.08667,1.08662,1870000,3370000
2017-05-11 00:42:18.554000,1.08667,1.08662,2250000,2250000
2017-05-11 00:42:19.071000,1.08666,1.08661,3370000,4350000
2017-05-11 00:42:19.619000,1.08666,1.08661,4120000,4350000
2017-05-11 00:42:20.280000,1.08665,1.08661,1000000,3600000
2017-05-11 00:42:34.821000,1.08665,1.08661,1000000,4720000
2017-05-11 00:42:51.208000,1.08666,1.08662,4010000,1350000
2017-05-11 00:43:07.542000,1.08666,1.08662,7760000,1350000
2017-05-11 00:43:12.559000,1.08666,1.08662,5320000,1350000
2017-05-11 00:43:15.616000,1.08666,1.08662,5250000,2100000
2017-05-11 00:43:16.892000,1.08666,1.08662,6450000,1350000
2017-05-11 00:43:17.421000,1.08666,1.08663,3820000,3600000
2017-05-11 00:43:17.474000,1.08666,1.08663,3000000,4350000
2017-05-11 00:43:17.957000,1.08666,1.08662,7390000,3970000
2017-05-11 00:43:18.469000,1.08665,1.08661,1010000,7720000
2017-05-11 00:43:20.148000,1.08666,1.08661,9190000,6670000
2017-05-11 00:43:21.803000,1.08666,1.08662,5140000,2850000
2017-05-11 00:43:22.913000,1.08666,1.08662,1570000,4350000
2017-05-11 00:43:27.881000,1.08667,1.08662,4200000,7050000
2017-05-11 00:43:28.534000,1.08667,1.08664,2620000,1000000
2017-05-11 00:43:33.526000,1.08668,1.08663,3820000,1720000
2017-05-11 00:43:35.462000,1.08669,1.08664,6520000,1750000
2017-05-11 00:43:35.871000,1.08671,1.08668,2620000,1000000
2017-05-11 00:43:37.933000,1.08672,1.08668,1000000,1500000
2017-05-11 00:43:38.488000,1.08671,1.08668,1570000,1000000
2017-05-11 00:43:39.376000,1.08673,1.08668,3000000,4350000
2017-05-11 00:43:44.231000,1.08672,1.08668,1000000,5470000
2017-05-11 00:43:44.794000,1.08673,1.08668,1120000,8470000
2017-05-11 00:43:50.931000,1.08674,1.08670,6520000,1000000
2017-05-11 00:43:54.830000,1.08673,1.08669,1200000,1000000
2017-05-11 00:43:56.462000,1.08674,1.08668,6450000,9600000
2017-05-11 00:43:59.589000,1.08674,1.08668,5470000,9600000
2017-05-11 00:44:00.581000,1.08674,1.08668,6450000,9600000
2017-05-11 00:44:02.869000,1.08674,1.08669,2620000,2850000
2017-05-11 00:44:09.890000,1.08674,1.08669,2620000,6220000
2017-05-11 00:44:10.864000,1.08672,1.08668,3000000,1100000
2017-05-11 00:44:11.368000,1.08670,1.08667,1570000,1000000
2017-05-11 00:44:12.081000,1.08670,1.08665,3450000,1500000
2017-05-11 00:44:13.594000,1.08669,1.08665,1000000,1500000
2017-05-11 00:44:14.098000,1.08669,1.08665,1100000,1500000
2017-05-11 00:44:15.685000,1.08669,1.08665,1500000,1000000
2017-05-11 00:44:26.097000,1.08669,1.08665,1500000,1100000
2017-05-11 00:44:26.302000,1.08669,1.08667,1000000,1120000
2017-05-11 00:44:26.455000,1.08672,1.08669,1200000,1300000
2017-05-11 00:44:27.515000,1.08672,1.08669,1570000,1840000
2017-05-11 00:44:28.687000,1.08672,1.08668,1750000,5590000
2017-05-11 00:44:29.195000,1.08671,1.08668,2250000,1240000
2017-05-11 00:44:30.183000,1.08670,1.08667,1000000,2620000
2017-05-11 00:44:32.512000,1.08670,1.08666,1500000,1800000
2017-05-11 00:44:34.037000,1.08669,1.08666,1000000,1720000
2017-05-11 00:44:35.594000,1.08669,1.08665,1500000,6670000
2017-05-11 00:44:38.015000,1.08668,1.08665,1000000,2470000
2017-05-11 00:44:45.529000,1.08668,1.08664,1100000,5470000
2017-05-11 00:45:12.338000,1.08669,1.08664,2620000,5470000
2017-05-11 00:45:13.776000,1.08668,1.08664,1000000,4800000
2017-05-11 00:45:25.194000,1.08668,1.08664,1500000,4720000
2017-05-11 00:45:26.111000,1.08668,1.08664,1500000,4800000
2017-05-11 00:45:26.718000,1.08668,1.08664,2250000,4720000
2017-05-11 00:45:27.226000,1.08668,1.08665,2250000,1870000
2017-05-11 00:45:28.599000,1.08668,1.08665,2250000,1870000
2017-05-11 00:45:34.552000,1.08667,1.08665,1100000,1000000
2017-05-11 00:45:34.655000,1.08667,1.08663,1950000,1000000
2017-05-11 00:45:35.165000,1.08666,1.08663,1000000,1000000
2017-05-11 00:45:35.707000,1.08666,1.08662,2320000,6970000
2017-05-11 00:45:36.996000,1.08666,1.08663,1570000,1000000
2017-05-11 00:45:40.991000,1.08668,1.08663,4310000,2470000
2017-05-11 00:45:42.452000,1.08668,1.08665,3370000,1120000
2017-05-11 00:45:44.712000,1.08668,1.08664,1500000,1800000
2017-05-11 00:45:45.939000,1.08669,1.08664,2250000,3220000
2017-05-11 00:45:46.454000,1.08670,1.08665,5140000,2250000
2017-05-11 00:45:51.072000,1.08669,1.08665,1000000,2470000
2017-05-11 00:46:18.030000,1.08669,1.08665,1100000,5100000
2017-05-11 00:46:19.424000,1.08669,1.08665,1000000,4350000
2017-05-11 00:46:25.775000,1.08669,1.08665,1100000,4350000
2017-05-11 00:46:37.251000,1.08669,1.08665,1000000,3220000
2017-05-11 00:46:59.433000,1.08669,1.08665,1100000,2470000
2017-05-11 00:47:00.768000,1.08669,1.08666,1100000,1000000
2017-05-11 00:47:02.153000,1.08670,1.08666,2440000,1100000
2017-05-11 00:47:02.795000,1.08670,1.08667,1000000,2550000
2017-05-11 00:47:02.987000,1.08672,1.08668,1120000,3600000
2017-05-11 00:47:03.500000,1.08673,1.08669,1500000,1950000
2017-05-11 00:47:04.009000,1.08673,1.08669,1000000,4120000
2017-05-11 00:47:12.903000,1.08674,1.08670,4570000,1100000
2017-05-11 00:47:13.247000,1.08677,1.08673,1120000,9750000
2017-05-11 00:47:13.759000,1.08677,1.08674,1000000,4390000
2017-05-11 00:47:14.321000,1.08678,1.08674,1120000,5700000
2017-05-11 00:47:19.770000,1.08678,1.08674,1120000,8890000
2017-05-11 00:47:22.535000,1.08679,1.08674,1370000,9640000
2017-05-11 00:47:33.087000,1.08680,1.08675,5620000,4870000
2017-05-11 00:47:34.430000,1.08680,1.08675,5620000,4870000
2017-05-11 00:47:34.931000,1.08680,1.08675,5250000,4870000
2017-05-11 00:47:38.390000,1.08680,1.08675,4500000,6220000
2017-05-11 00:48:00.432000,1.08681,1.08677,1120000,2470000
2017-05-11 00:48:00.739000,1.08683,1.08679,3820000,1000000
2017-05-11 00:48:04.045000,1.08682,1.08679,1870000,1500000
2017-05-11 00:48:04.590000,1.08682,1.08678,1120000,5250000
2017-05-11 00:48:07.141000,1.08683,1.08678,3450000,3370000
2017-05-11 00:48:10.663000,1.08683,1.08678,1570000,3750000
2017-05-11 00:48:14.272000,1.08682,1.08678,1000000,3750000
2017-05-11 00:48:14.790000,1.08682,1.08678,3370000,1870000
2017-05-11 00:48:15.370000,1.08682,1.08678,1950000,1870000
2017-05-11 00:48:20.055000,1.08681,1.08678,1000000,2250000
2017-05-11 00:48:25.742000,1.08681,1.08678,1000000,2740000
2017-05-11 00:48:27.600000,1.08681,1.08678,1100000,3490000
2017-05-11 00:48:35.710000,1.08682,1.08678,1000000,4240000
2017-05-11 00:48:38.740000,1.08682,1.08678,1000000,3490000
2017-05-11 00:48:39.827000,1.08683,1.08678,3750000,3490000
2017-05-11 00:48:41.085000,1.08683,1.08679,1000000,2510000
2017-05-11 00:48:42.663000,1.08683,1.08678,3370000,4690000
2017-05-11 00:48:43.866000,1.08682,1.08678,1500000,3940000
2017-05-11 00:48:47.867000,1.08682,1.08678,1120000,4120000
2017-05-11 00:48:49.065000,1.08682,1.08678,1500000,2100000
2017-05-11 00:48:49.721000,1.08683,1.08679,1000000,2250000
2017-05-11 00:48:50.030000,1.08683,1.08678,2250000,3220000
2017-05-11 00:48:51.020000,1.08683,1.08678,2250000,3600000
2017-05-11 00:48:52.270000,1.08682,1.08678,1500000,3220000
2017-05-11 00:48:54.490000,1.08683,1.08678,1870000,4720000
2017-05-11 00:48:55.670000,1.08684,1.08679,4120000,3220000
2017-05-11 00:48:58.673000,1.08684,1.08679,4120000,2470000
2017-05-11 00:49:05.111000,1.08684,1.08679,1870000,3970000
2017-05-11 00:49:06.694000,1.08684,1.08681,1000000,4350000
2017-05-11 00:49:06.797000,1.08685,1.08683,1200000,1350000
2017-05-11 00:49:07.471000,1.08685,1.08682,1000000,3000000
2017-05-11 00:49:08.013000,1.08685,1.08681,1100000,1120000
2017-05-11 00:49:09.220000,1.08686,1.08681,2620000,4720000
2017-05-11 00:49:09.564000,1.08688,1.08684,1120000,1350000
2017-05-11 00:49:10.573000,1.08689,1.08684,6450000,3600000
2017-05-11 00:49:15.663000,1.08687,1.08683,1120000,4800000
2017-05-11 00:49:16.175000,1.08687,1.08683,2700000,1350000
2017-05-11 00:49:19.335000,1.08686,1.08682,1000000,3300000
2017-05-11 00:49:33.588000,1.08686,1.08683,1100000,1000000
2017-05-11 00:49:34.101000,1.08686,1.08682,1570000,1000000
2017-05-11 00:49:36.048000,1.08686,1.08681,2250000,5850000
2017-05-11 00:49:37.102000,1.08686,1.08682,4500000,1000000
2017-05-11 00:49:37.615000,1.08685,1.08681,1000000,1570000
2017-05-11 00:49:38.168000,1.08685,1.08682,1000000,1500000
2017-05-11 00:49:38.880000,1.08686,1.08682,1000000,1570000
2017-05-11 00:49:41.202000,1.08686,1.08682,1000000,7870000
2017-05-11 00:49:42.341000,1.08687,1.08683,2620000,1100000
2017-05-11 00:49:56.526000,1.08688,1.08683,1870000,5470000
2017-05-11 00:49:59.460000,1.08687,1.08683,1000000,3220000
2017-05-11 00:50:00.780000,1.08687,1.08683,2250000,1720000
2017-05-11 00:50:01.847000,1.08687,1.08682,3370000,3220000
2017-05-11 00:50:02.366000,1.08686,1.08682,3370000,1300000
2017-05-11 00:50:05.568000,1.08686,1.08682,5060000,1050000
2017-05-11 00:50:05.876000,1.08686,1.08684,1250000,1950000
2017-05-11 00:50:06.080000,1.08688,1.08684,2440000,4570000
2017-05-11 00:50:06.437000,1.08689,1.08687,4310000,1000000
2017-05-11 00:50:09.572000,1.08690,1.08686,7690000,2020000
2017-05-11 00:50:12.160000,1.08689,1.08685,1310000,5170000
2017-05-11 00:50:18.096000,1.08687,1.08685,1500000,1570000
2017-05-11 00:50:18.643000,1.08688,1.08685,5250000,1120000
2017-05-11 00:50:20.218000,1.08688,1.08683,7120000,2920000
2017-05-11 00:50:20.872000,1.08687,1.08683,1100000,2470000
2017-05-11 00:50:21.025000,1.08688,1.08684,6750000,4200000
2017-05-11 00:50:21.952000,1.08687,1.08683,1100000,5550000
2017-05-11 00:50:22.054000,1.08688,1.08684,7120000,1370000
2017-05-11 00:50:23.259000,1.08688,1.08683,6000000,8170000
2017-05-11 00:50:23.837000,1.08688,1.08686,3000000,1120000
2017-05-11 00:50:28.127000,1.08688,1.08686,1500000,1120000
2017-05-11 00:50:29.269000,1.08688,1.08684,1100000,3670000
2017-05-11 00:50:29.372000,1.08689,1.08685,3000000,7270000
2017-05-11 00:50:31.529000,1.08689,1.08686,1120000,2020000
2017-05-11 00:50:32.602000,1.08690,1.08687,3070000,1500000
2017-05-11 00:50:32.911000,1.08692,1.08690,1000000,1870000
2017-05-11 00:50:33.320000,1.08694,1.08690,1200000,2810000
2017-05-11 00:50:33.423000,1.08695,1.08691,1870000,7570000
2017-05-11 00:50:34.175000,1.08694,1.08691,1270000,1000000
2017-05-11 00:50:34.747000,1.08695,1.08692,3370000,1200000
2017-05-11 00:50:36.486000,1.08695,1.08692,1950000,1200000
2017-05-11 00:50:47.185000,1.08695,1.08691,1200000,5590000
2017-05-11 00:50:51.319000,1.08692,1.08691,1000000,1000000
2017-05-11 00:50:51.575000,1.08691,1.08688,2250000,1500000
2017-05-11 00:50:52.115000,1.08692,1.08689,1750000,1000000
2017-05-11 00:50:53.763000,1.08692,1.08689,1000000,1000000
2017-05-11 00:50:54.688000,1.08692,1.08689,1000000,1870000
2017-05-11 00:50:55.236000,1.08694,1.08690,1500000,3070000
2017-05-11 00:50:55.288000,1.08694,1.08692,1500000,1000000
2017-05-11 00:50:55.543000,1.08695,1.08690,2620000,3000000
2017-05-11 00:50:55.646000,1.08695,1.08691,2620000,3520000
2017-05-11 00:50:57.486000,1.08695,1.08691,3370000,3520000
2017-05-11 00:50:58.550000,1.08695,1.08691,6370000,2250000
2017-05-11 00:50:59.083000,1.08695,1.08690,6370000,1500000
2017-05-11 00:51:03.687000,1.08695,1.08692,4870000,1000000
2017-05-11 00:51:09.697000,1.08694,1.08690,1100000,4420000
2017-05-11 00:51:10.207000,1.08695,1.08691,5620000,3970000
2017-05-11 00:51:19.455000,1.08695,1.08690,2250000,6300000
2017-05-11 00:51:19.963000,1.08695,1.08690,2400000,6300000
2017-05-11 00:51:20.956000,1.08695,1.08690,2250000,6300000
2017-05-11 00:51:24.946000,1.08695,1.08690,2620000,5920000
2017-05-11 00:51:25.528000,1.08694,1.08690,1000000,5470000
2017-05-11 00:51:26.812000,1.08695,1.08690,2620000,6220000
2017-05-11 00:51:32.060000,1.08695,1.08690,3000000,6220000
2017-05-11 00:51:37.484000,1.08695,1.08693,1570000,1100000
2017-05-11 00:51:37.639000,1.08697,1.08694,1000000,2470000
2017-05-11 00:51:47.550000,1.08699,1.08694,2700000,3600000
2017-05-11 00:51:56.445000,1.08698,1.08694,1170000,2170000
2017-05-11 00:51:57.216000,1.08697,1.08694,1570000,1350000
2017-05-11 00:51:57.268000,1.08697,1.08693,3640000,1000000
2017-05-11 00:51:57.780000,1.08696,1.08691,4270000,1870000
2017-05-11 00:51:58.667000,1.08695,1.08690,1870000,2250000
2017-05-11 00:52:00.126000,1.08696,1.08691,7910000,1000000
2017-05-11 00:52:34.950000,1.08695,1.08694,1120000,1120000
2017-05-11 00:52:35.103000,1.08698,1.08695,1500000,1300000
2017-05-11 00:52:35.155000,1.08699,1.08695,2250000,2470000
2017-05-11 00:52:35.665000,1.08698,1.08695,1000000,1500000
2017-05-11 00:52:36.212000,1.08697,1.08695,1000000,1000000
2017-05-11 00:52:50.328000,1.08698,1.08695,1500000,1000000
2017-05-11 00:52:54.619000,1.08698,1.08693,2250000,12220000
2017-05-11 00:53:00.150000,1.08698,1.08695,1570000,2850000
2017-05-11 00:53:03.506000,1.08699,1.08696,1500000,1000000
2017-05-11 00:53:04.017000,1.08699,1.08696,1000000,1500000
2017-05-11 00:53:05.300000,1.08700,1.08696,1500000,2250000
2017-05-11 00:53:07.940000,1.08701,1.08698,2750000,1000000
2017-05-11 00:53:08.043000,1.08703,1.08699,1500000,3000000
2017-05-11 00:53:08.555000,1.08704,1.08699,3820000,3370000
2017-05-11 00:53:12.336000,1.08704,1.08699,3750000,1500000
2017-05-11 00:53:13.418000,1.08704,1.08699,3000000,1870000
2017-05-11 00:53:14.012000,1.08704,1.08699,1870000,3820000
2017-05-11 00:53:17.300000,1.08703,1.08699,1120000,3820000
2017-05-11 00:53:20.191000,1.08701,1.08699,1120000,1000000
2017-05-11 00:53:20.346000,1.08701,1.08697,4500000,3750000
2017-05-11 00:53:20.707000,1.08702,1.08698,3820000,1500000
2017-05-11 00:53:21.890000,1.08702,1.08699,2020000,2250000
2017-05-11 00:53:23.165000,1.08702,1.08699,1950000,1500000
2017-05-11 00:53:27.051000,1.08702,1.08699,1000000,1000000
2017-05-11 00:53:27.946000,1.08704,1.08702,5700000,5470000
2017-05-11 00:53:28.048000,1.08707,1.08705,1470000,2620000
2017-05-11 00:53:28.202000,1.08708,1.08705,2250000,3370000
2017-05-11 00:53:28.713000,1.08707,1.08704,1000000,3000000
2017-05-11 00:53:29.845000,1.08707,1.08704,1000000,1500000
2017-05-11 00:53:31.158000,1.08706,1.08704,1120000,1000000
2017-05-11 00:53:31.669000,1.08705,1.08704,1000000,1000000
2017-05-11 00:53:32.250000,1.08705,1.08703,1870000,1000000
2017-05-11 00:53:36.392000,1.08705,1.08704,1000000,1500000
2017-05-11 00:53:36.498000,1.08708,1.08705,1000000,1200000
2017-05-11 00:53:36.601000,1.08710,1.08706,1000000,1000000
2017-05-11 00:53:38.148000,1.08710,1.08706,1000000,2250000
2017-05-11 00:53:38.757000,1.08711,1.08706,1120000,3750000
2017-05-11 00:53:44.479000,1.08711,1.08706,8700000,1500000
2017-05-11 00:53:46.501000,1.08710,1.08706,1000000,1000000
2017-05-11 00:53:46.807000,1.08710,1.08708,1000000,1000000
2017-05-11 00:53:46.961000,1.08713,1.08709,1500000,3450000
2017-05-11 00:53:47.491000,1.08714,1.08710,1000000,1200000
2017-05-11 00:53:48.276000,1.08714,1.08711,1000000,1000000
2017-05-11 00:53:48.813000,1.08714,1.08709,4120000,8250000
2017-05-11 00:53:48.865000,1.08711,1.08709,1500000,1870000
2017-05-11 00:53:49.087000,1.08711,1.08707,2620000,1870000
2017-05-11 00:53:49.626000,1.08710,1.08706,1000000,6370000
2017-05-11 00:53:53.525000,1.08708,1.08706,1000000,1000000
2017-05-11 00:53:53.781000,1.08706,1.08702,2250000,6150000
2017-05-11 00:53:54.087000,1.08709,1.08705,3820000,1120000
2017-05-11 00:53:54.138000,1.08709,1.08705,4500000,1120000
2017-05-11 00:53:55.523000,1.08709,1.08706,3000000,1500000
2017-05-11 00:53:59.972000,1.08709,1.08706,1000000,1500000
2017-05-11 00:54:00.348000,1.08710,1.08709,1500000,1000000
2017-05-11 00:54:00.451000,1.08711,1.08709,1000000,1000000
2017-05-11 00:54:00.988000,1.08713,1.08710,1000000,1500000
2017-05-11 00:54:01.143000,1.08715,1.08710,3450000,1500000
2017-05-11 00:54:01.653000,1.08714,1.08710,1500000,1500000
2017-05-11 00:54:02.197000,1.08715,1.08711,1120000,2620000
2017-05-11 00:54:02.249000,1.08716,1.08713,3000000,1500000
2017-05-11 00:54:02.459000,1.08721,1.08717,2240000,1000000
2017-05-11 00:54:02.970000,1.08721,1.08716,1490000,5850000
2017-05-11 00:54:03.648000,1.08721,1.08716,1490000,5250000
2017-05-11 00:54:04.188000,1.08722,1.08716,10490000,5850000
2017-05-11 00:54:05.708000,1.08722,1.08716,11430000,5850000
2017-05-11 00:54:06.136000,1.08719,1.08716,1000000,3750000
2017-05-11 00:54:06.445000,1.08721,1.08716,5800000,2620000
2017-05-11 00:54:06.974000,1.08721,1.08716,7380000,2250000
2017-05-11 00:54:09.364000,1.08721,1.08716,5880000,2250000
2017-05-11 00:54:12.909000,1.08721,1.08717,3820000,1000000
2017-05-11 00:54:13.418000,1.08720,1.08716,1570000,3000000
2017-05-11 00:54:13.964000,1.08719,1.08716,1000000,3000000
2017-05-11 00:54:15.703000,1.08722,1.08717,3070000,1720000
2017-05-11 00:54:15.806000,1.08722,1.08720,2320000,1000000
2017-05-11 00:54:16.011000,1.08722,1.08718,2250000,3370000
2017-05-11 00:54:16.521000,1.08721,1.08717,1100000,1870000
2017-05-11 00:54:17.085000,1.08720,1.08716,1000000,4950000
2017-05-11 00:54:17.188000,1.08720,1.08718,1000000,1000000
2017-05-11 00:54:17.861000,1.08722,1.08718,1690000,1000000
2017-05-11 00:54:18.707000,1.08723,1.08719,3450000,1120000
2017-05-11 00:54:19.019000,1.08726,1.08724,1000000,1120000
2017-05-11 00:54:19.071000,1.08728,1.08724,4120000,1870000
2017-05-11 00:54:19.277000,1.08726,1.08724,1500000,1000000
2017-05-11 00:54:19.533000,1.08726,1.08722,1500000,1500000
2017-05-11 00:54:20.029000,1.08724,1.08721,1000000,3820000
2017-05-11 00:54:20.184000,1.08726,1.08721,2250000,3450000
2017-05-11 00:54:20.683000,1.08725,1.08723,1000000,1000000
2017-05-11 00:54:20.975000,1.08729,1.08724,4190000,2320000
2017-05-11 00:54:22.885000,1.08728,1.08724,1000000,4870000
2017-05-11 00:54:22.988000,1.08728,1.08724,1750000,4870000
2017-05-11 00:54:23.971000,1.08727,1.08725,1000000,5700000
2017-05-11 00:54:24.227000,1.08729,1.08726,1870000,1000000
2017-05-11 00:54:24.432000,1.08730,1.08727,1940000,3000000
2017-05-11 00:54:24.636000,1.08734,1.08731,2690000,1000000
2017-05-11 00:54:24.945000,1.08735,1.08733,2470000,3970000
2017-05-11 00:54:25.201000,1.08737,1.08734,1940000,1720000
2017-05-11 00:54:26.035000,1.08738,1.08735,3750000,1000000
2017-05-11 00:54:26.474000,1.08739,1.08737,1000000,1000000
2017-05-11 00:54:26.578000,1.08741,1.08737,5320000,1190000
2017-05-11 00:54:27.090000,1.08740,1.08737,1000000,2400000
2017-05-11 00:54:27.142000,1.08742,1.08738,1500000,2400000
2017-05-11 00:54:27.338000,1.08742,1.08738,2620000,2620000
2017-05-11 00:54:27.752000,1.08744,1.08741,1560000,1270000
2017-05-11 00:54:28.274000,1.08745,1.08741,1120000,2250000
2017-05-11 00:54:28.443000,1.08746,1.08741,3060000,3150000
2017-05-11 00:54:28.597000,1.08746,1.08741,3810000,3000000
2017-05-11 00:54:29.121000,1.08746,1.08742,3430000,4570000
2017-05-11 00:54:29.850000,1.08747,1.08745,1930000,1000000
2017-05-11 00:54:29.953000,1.08749,1.08746,2250000,1000000
2017-05-11 00:54:30.479000,1.08749,1.08745,1120000,1870000
2017-05-11 00:54:31.008000,1.08746,1.08743,1000000,11250000
2017-05-11 00:54:31.060000,1.08747,1.08743,1370000,7500000
2017-05-11 00:54:31.576000,1.08746,1.08743,1000000,6810000
2017-05-11 00:54:32.121000,1.08747,1.08743,1500000,9810000
2017-05-11 00:54:32.626000,1.08748,1.08744,1000000,3060000
2017-05-11 00:54:33.129000,1.08747,1.08744,1000000,3060000
2017-05-11 00:54:33.436000,1.08746,1.08744,1870000,1000000
2017-05-11 00:54:33.775000,1.08748,1.08744,1370000,3060000
2017-05-11 00:54:33.930000,1.08749,1.08744,2250000,3810000
2017-05-11 00:54:34.490000,1.08747,1.08744,1000000,2310000
2017-05-11 00:54:36.180000,1.08748,1.08745,1000000,1000000
2017-05-11 00:54:37.117000,1.08747,1.08745,1000000,1000000
2017-05-11 00:54:39.736000,1.08749,1.08745,3620000,1000000
2017-05-11 00:54:45.461000,1.08750,1.08745,10370000,1500000
2017-05-11 00:54:47.073000,1.08748,1.08744,1000000,4190000
2017-05-11 00:54:47.382000,1.08747,1.08743,1500000,7120000
2017-05-11 00:54:47.673000,1.08749,1.08745,1180000,1080000
2017-05-11 00:54:48.225000,1.08750,1.08745,5680000,1460000
2017-05-11 00:54:50.544000,1.08749,1.08744,4120000,4940000
2017-05-11 00:54:50.596000,1.08747,1.08745,1560000,1000000
2017-05-11 00:54:50.648000,1.08746,1.08742,1500000,2470000
2017-05-11 00:54:50.955000,1.08749,1.08745,2620000,1560000
2017-05-11 00:54:51.466000,1.08749,1.08745,1870000,1460000
2017-05-11 00:54:52.624000,1.08750,1.08746,3990000,1000000
2017-05-11 00:54:53.135000,1.08749,1.08746,1000000,1190000
2017-05-11 00:54:55.388000,1.08750,1.08746,3370000,1940000
2017-05-11 00:54:55.441000,1.08750,1.08748,1870000,2100000
2017-05-11 00:54:55.645000,1.08752,1.08748,1690000,1080000
2017-05-11 00:54:55.850000,1.08751,1.08748,2620000,1000000
2017-05-11 00:54:56.356000,1.08751,1.08747,1620000,4560000
2017-05-11 00:54:56.663000,1.08751,1.08748,3370000,3370000
2017-05-11 00:54:57.176000,1.08752,1.08748,3370000,3000000
2017-05-11 00:54:57.497000,1.08743,1.08740,7560000,1870000
2017-05-11 00:54:57.806000,1.08742,1.08737,2120000,1520000
2017-05-11 00:54:57.909000,1.08741,1.08736,2680000,2990000
2017-05-11 00:54:58.414000,1.08740,1.08735,1450000,2350000
2017-05-11 00:54:59.531000,1.08739,1.08735,1870000,1610000
2017-05-11 00:54:59.634000,1.08730,1.08729,1870000,13870000
2017-05-11 00:54:59.878000,1.08728,1.08726,1000000,1000000
2017-05-11 00:55:00.186000,1.08729,1.08728,1250000,3000000
2017-05-11 00:55:00.477000,1.08740,1.08736,44619999,3450000
2017-05-11 00:55:00.529000,1.08739,1.08737,1500000,3220000
2017-05-11 00:55:00.632000,1.08740,1.08737,4120000,1390000
2017-05-11 00:55:01.147000,1.08740,1.08734,2700000,3890000
2017-05-11 00:55:01.334000,1.08738,1.08735,1000000,1000000
2017-05-11 00:55:01.847000,1.08738,1.08734,1000000,2320000
2017-05-11 00:55:02.376000,1.08739,1.08734,2060000,2320000
2017-05-11 00:55:03.105000,1.08738,1.08734,1500000,2320000
2017-05-11 00:55:03.638000,1.08737,1.08733,1000000,1200000
2017-05-11 00:55:04.640000,1.08736,1.08732,1000000,5320000
2017-05-11 00:55:04.950000,1.08733,1.08729,1000000,4950000
2017-05-11 00:55:05.263000,1.08732,1.08727,2620000,2000000
2017-05-11 00:55:05.316000,1.08730,1.08727,1000000,1120000
2017-05-11 00:55:05.472000,1.08729,1.08726,1870000,1070000
2017-05-11 00:55:05.831000,1.08728,1.08725,1870000,1500000
2017-05-11 00:55:06.220000,1.08730,1.08728,2310000,1000000
2017-05-11 00:55:06.272000,1.08729,1.08727,1000000,2250000
2017-05-11 00:55:06.384000,1.08732,1.08731,4930000,6750000
2017-05-11 00:55:06.441000,1.08734,1.08732,1000000,4690000
2017-05-11 00:55:06.543000,1.08736,1.08734,1000000,3000000
2017-05-11 00:55:06.851000,1.08739,1.08734,4930000,3370000
2017-05-11 00:55:07.005000,1.08739,1.08734,1000000,5810000
2017-05-11 00:55:07.559000,1.08740,1.08736,1500000,1120000
2017-05-11 00:55:08.191000,1.08739,1.08736,1500000,1120000
2017-05-11 00:55:08.726000,1.08740,1.08736,2250000,1120000
2017-05-11 00:55:09.239000,1.08741,1.08736,3000000,1500000
2017-05-11 00:55:09.905000,1.08741,1.08735,4500000,2620000
2017-05-11 00:55:10.787000,1.08741,1.08736,3430000,1370000
2017-05-11 00:55:11.647000,1.08741,1.08735,4120000,3370000
2017-05-11 00:55:12.959000,1.08739,1.08735,1000000,1500000
2017-05-11 00:55:16.480000,1.08739,1.08735,1120000,2250000
2017-05-11 00:55:16.972000,1.08741,1.08738,2680000,1000000
2017-05-11 00:55:17.023000,1.08742,1.08739,1930000,1950000
2017-05-11 00:55:17.228000,1.08743,1.08739,1120000,4950000
2017-05-11 00:55:17.535000,1.08741,1.08738,1500000,4870000
2017-05-11 00:55:17.884000,1.08743,1.08738,1180000,3000000
2017-05-11 00:55:18.387000,1.08742,1.08738,1000000,1500000
2017-05-11 00:55:24.635000,1.08743,1.08739,1870000,3000000
2017-05-11 00:55:25.206000,1.08743,1.08739,2620000,3000000
2017-05-11 00:55:26.089000,1.08742,1.08739,1000000,3000000
2017-05-11 00:55:26.639000,1.08743,1.08739,1100000,3000000
2017-05-11 00:55:33.137000,1.08742,1.08739,1000000,2250000
2017-05-11 00:55:33.665000,1.08743,1.08739,3000000,2250000
2017-05-11 00:55:34.825000,1.08740,1.08737,1500000,8440000
2017-05-11 00:55:34.979000,1.08740,1.08738,1500000,1000000
2017-05-11 00:55:40.132000,1.08740,1.08736,2250000,2690000
2017-05-11 00:55:40.650000,1.08740,1.08736,2250000,2310000
2017-05-11 00:55:41.982000,1.08740,1.08737,1000000,2250000
2017-05-11 00:55:42.034000,1.08741,1.08737,1000000,3000000
2017-05-11 00:55:44.609000,1.08740,1.08737,1500000,1370000
2017-05-11 00:55:44.660000,1.08740,1.08736,2250000,1370000
2017-05-11 00:55:45.171000,1.08739,1.08735,1500000,1500000
2017-05-11 00:55:45.815000,1.08739,1.08735,1870000,1570000
2017-05-11 00:55:50.818000,1.08739,1.08736,2250000,1120000
2017-05-11 00:55:52.063000,1.08739,1.08736,3000000,1120000
2017-05-11 00:55:53.472000,1.08739,1.08736,2250000,1120000
2017-05-11 00:55:53.984000,1.08738,1.08734,1000000,2060000
2017-05-11 00:55:55.556000,1.08738,1.08734,3750000,1690000
2017-05-11 00:55:56.072000,1.08739,1.08735,2310000,1500000
2017-05-11 00:55:56.617000,1.08740,1.08735,5160000,3000000
2017-05-11 00:55:58.604000,1.08739,1.08735,1500000,3000000
2017-05-11 00:55:59.205000,1.08739,1.08735,3000000,4000000
2017-05-11 00:56:00.085000,1.08739,1.08735,1500000,2620000
2017-05-11 00:56:00.630000,1.08738,1.08734,2250000,2810000
2017-05-11 00:56:01.181000,1.08738,1.08735,1000000,1000000
2017-05-11 00:56:01.890000,1.08739,1.08735,4500000,1000000
2017-05-11 00:56:05.611000,1.08740,1.08737,1560000,1000000
2017-05-11 00:56:05.817000,1.08743,1.08739,6810000,3000000
2017-05-11 00:56:05.920000,1.08744,1.08741,2250000,1000000
2017-05-11 00:56:06.126000,1.08747,1.08743,7120000,1100000
2017-05-11 00:56:06.327000,1.08749,1.08745,3600000,1500000
2017-05-11 00:56:06.693000,1.08750,1.08746,1500000,1120000
2017-05-11 00:56:07.951000,1.08751,1.08747,5250000,1000000
2017-05-11 00:56:08.462000,1.08751,1.08747,1000000,1500000
2017-05-11 00:56:10.762000,1.08752,1.08747,5250000,1000000
2017-05-11 00:56:11.050000,1.08752,1.08749,1000000,1000000
2017-05-11 00:56:11.154000,1.08755,1.08749,7120000,4390000
2017-05-11 00:56:11.667000,1.08756,1.08751,3750000,2620000
2017-05-11 00:56:11.908000,1.08753,1.08750,1120000,2250000
2017-05-11 00:56:12.441000,1.08753,1.08749,5620000,1200000
2017-05-11 00:56:12.968000,1.08753,1.08749,5620000,1120000
2017-05-11 00:56:13.755000,1.08753,1.08749,5620000,1120000
2017-05-11 00:56:15.984000,1.08753,1.08749,7120000,1120000
2017-05-11 00:56:16.503000,1.08752,1.08747,3370000,4500000
2017-05-11 00:56:16.656000,1.08752,1.08747,7270000,2250000
2017-05-11 00:56:21.821000,1.08751,1.08746,1870000,8060000
2017-05-11 00:56:23.320000,1.08751,1.08750,1500000,1000000
2017-05-11 00:56:23.424000,1.08753,1.08751,1120000,1000000
2017-05-11 00:56:23.527000,1.08755,1.08752,2250000,1120000
2017-05-11 00:56:26.451000,1.08755,1.08754,2250000,1000000
2017-05-11 00:56:26.981000,1.08756,1.08753,1500000,3060000
2017-05-11 00:56:30.403000,1.08756,1.08752,6560000,2690000
2017-05-11 00:56:30.921000,1.08755,1.08752,1500000,3440000
2017-05-11 00:56:31.432000,1.08755,1.08752,1500000,2250000
2017-05-11 00:56:31.962000,1.08755,1.08752,2250000,1120000
2017-05-11 00:56:32.474000,1.08754,1.08751,1100000,2250000
2017-05-11 00:56:35.262000,1.08754,1.08751,1500000,1120000
2017-05-11 00:56:37.115000,1.08754,1.08751,1170000,1120000
2017-05-11 00:56:41.261000,1.08751,1.08750,2320000,1120000
2017-05-11 00:56:41.312000,1.08750,1.08748,1000000,1120000
2017-05-11 00:56:42.960000,1.08750,1.08746,1000000,1370000
2017-05-11 00:56:44.405000,1.08750,1.08746,2250000,1370000
2017-05-11 00:56:52.507000,1.08751,1.08749,3990000,1500000
2017-05-11 00:56:53.058000,1.08752,1.08750,1000000,1500000
2017-05-11 00:56:53.608000,1.08753,1.08750,1000000,3000000
2017-05-11 00:56:54.380000,1.08754,1.08751,1000000,1120000
2017-05-11 00:56:57.178000,1.08754,1.08752,2250000,1500000
2017-05-11 00:56:57.402000,1.08757,1.08754,1500000,1120000
2017-05-11 00:56:58.204000,1.08758,1.08754,2510000,3370000
2017-05-11 00:56:58.955000,1.08758,1.08755,1690000,1000000
2017-05-11 00:57:00.029000,1.08758,1.08754,1690000,3370000
2017-05-11 00:57:00.429000,1.08761,1.08757,5680000,2700000
2017-05-11 00:57:00.773000,1.08759,1.08756,1000000,1500000
2017-05-11 00:57:01.031000,1.08758,1.08755,2250000,1500000
2017-05-11 00:57:01.287000,1.08756,1.08753,1100000,1370000
2017-05-11 00:57:01.792000,1.08756,1.08753,1100000,1000000
2017-05-11 00:57:02.302000,1.08757,1.08753,2440000,1370000
2017-05-11 00:57:07.386000,1.08757,1.08754,1740000,1000000
2017-05-11 00:57:09.629000,1.08755,1.08753,1000000,1500000
2017-05-11 00:57:09.682000,1.08755,1.08752,2250000,1000000
2017-05-11 00:57:10.192000,1.08754,1.08750,1100000,7500000
2017-05-11 00:57:13.805000,1.08754,1.08750,3820000,1000000
2017-05-11 00:57:15.977000,1.08752,1.08750,1870000,1000000
2017-05-11 00:57:16.079000,1.08750,1.08747,3370000,1500000
2017-05-11 00:57:16.586000,1.08749,1.08745,1000000,1870000
2017-05-11 00:57:21.510000,1.08749,1.08745,2250000,1870000
2017-05-11 00:57:30.649000,1.08748,1.08745,1000000,1870000
2017-05-11 00:57:59.529000,1.08747,1.08744,1870000,1000000
2017-05-11 00:57:59.784000,1.08745,1.08744,1000000,1000000
2017-05-11 00:58:00.693000,1.08745,1.08742,1000000,2620000
2017-05-11 00:58:04.040000,1.08745,1.08743,1000000,1000000
2017-05-11 00:58:04.402000,1.08747,1.08743,1630000,2250000
2017-05-11 00:58:04.941000,1.08747,1.08744,1560000,1000000
2017-05-11 00:58:07.701000,1.08748,1.08745,2310000,1000000
2017-05-11 00:58:10.173000,1.08748,1.08745,1870000,1000000
2017-05-11 00:58:10.728000,1.08748,1.08744,1870000,2250000
2017-05-11 00:58:11.577000,1.08748,1.08744,1870000,2250000
2017-05-11 00:58:13.852000,1.08748,1.08744,1070000,2250000
2017-05-11 00:58:14.358000,1.08748,1.08744,1930000,2250000
2017-05-11 00:58:15.241000,1.08748,1.08744,1000000,2250000
2017-05-11 00:58:16.397000,1.08748,1.08743,1930000,3440000
2017-05-11 00:58:17.410000,1.08748,1.08743,1070000,4190000
2017-05-11 00:58:17.972000,1.08748,1.08744,1000000,2250000
2017-05-11 00:58:26.586000,1.08748,1.08744,1100000,1000000
2017-05-11 00:58:44.013000,1.08748,1.08744,1000000,3000000
2017-05-11 00:58:45.168000,1.08748,1.08744,1100000,1500000
2017-05-11 00:58:46.289000,1.08748,1.08744,1000000,3000000
2017-05-11 00:58:47.563000,1.08748,1.08744,2510000,3000000
2017-05-11 00:59:00.713000,1.08748,1.08744,10390000,1000000
2017-05-11 00:59:00.869000,1.08746,1.08741,5810000,3750000
2017-05-11 00:59:01.385000,1.08745,1.08742,1100000,1000000
2017-05-11 00:59:01.888000,1.08744,1.08742,1000000,1120000
2017-05-11 00:59:07.376000,1.08743,1.08742,1000000,1120000
2017-05-11 00:59:09.147000,1.08744,1.08741,1000000,3060000
2017-05-11 00:59:12.860000,1.08745,1.08743,1000000,1120000
2017-05-11 00:59:13.385000,1.08746,1.08743,1100000,1120000
2017-05-11 00:59:27.036000,1.08746,1.08743,1100000,1370000
2017-05-11 00:59:27.486000,1.08746,1.08742,1100000,3750000
2017-05-11 00:59:28.115000,1.08746,1.08742,1100000,2310000
2017-05-11 00:59:29.579000,1.08746,1.08743,1100000,2310000
2017-05-11 00:59:36.122000,1.08746,1.08743,2250000,1500000
2017-05-11 00:59:36.225000,1.08745,1.08743,1370000,1000000
2017-05-11 00:59:36.276000,1.08743,1.08741,1000000,2690000
2017-05-11 00:59:36.328000,1.08744,1.08742,1000000,1500000
2017-05-11 00:59:36.889000,1.08744,1.08741,1000000,1750000
2017-05-11 00:59:37.386000,1.08744,1.08741,1200000,1000000
2017-05-11 00:59:38.461000,1.08743,1.08741,1000000,1000000
2017-05-11 00:59:44.420000,1.08742,1.08739,1000000,3810000
2017-05-11 00:59:44.962000,1.08743,1.08740,1500000,2010000
2017-05-11 00:59:45.523000,1.08742,1.08740,1000000,1940000
2017-05-11 00:59:46.048000,1.08743,1.08740,1100000,1940000
2017-05-11 00:59:46.608000,1.08742,1.08740,1000000,1940000
2017-05-11 00:59:47.347000,1.08743,1.08740,1100000,1460000
2017-05-11 00:59:48.891000,1.08743,1.08739,1100000,1940000
2017-05-11 00:59:49.410000,1.08742,1.08740,1000000,1100000
2017-05-11 00:59:51.040000,1.08742,1.08739,1000000,1500000
2017-05-11 00:59:55.989000,1.08742,1.08739,1000000,1500000
2017-05-11 00:59:58.499000,1.08742,1.08739,1000000,1500000
2017-05-11 01:00:00.239000,1.08742,1.08739,1000000,1500000
2017-05-11 01:00:00.769000,1.08742,1.08739,1000000,1120000
2017-05-11 01:00:02.546000,1.08742,1.08737,1870000,15630000
2017-05-11 01:00:02.649000,1.08740,1.08737,4540000,4120000
2017-05-11 01:00:02.992000,1.08734,1.08732,3600000,2250000
2017-05-11 01:00:03.504000,1.08733,1.08729,1500000,1500000
2017-05-11 01:00:04.035000,1.08733,1.08729,2320000,3000000
2017-05-11 01:00:06.130000,1.08733,1.08729,3000000,1120000
2017-05-11 01:00:07.081000,1.08733,1.08729,4690000,1000000
2017-05-11 01:00:12.840000,1.08733,1.08729,3620000,1000000
2017-05-11 01:00:13.343000,1.08731,1.08728,1000000,2620000
2017-05-11 01:00:17.592000,1.08730,1.08727,2100000,10190000
2017-05-11 01:00:17.643000,1.08730,1.08727,3220000,1120000
2017-05-11 01:00:17.746000,1.08729,1.08725,1200000,3000000
2017-05-11 01:00:17.798000,1.08727,1.08725,1000000,1120000
2017-05-11 01:00:17.951000,1.08727,1.08723,1070000,2250000
2017-05-11 01:00:23.366000,1.08727,1.08722,1930000,1870000
2017-05-11 01:00:23.875000,1.08726,1.08722,1870000,1870000
2017-05-11 01:00:24.871000,1.08727,1.08722,1260000,5720000
2017-05-11 01:00:30.245000,1.08725,1.08722,1500000,2620000
2017-05-11 01:00:30.777000,1.08725,1.08720,3000000,4190000
2017-05-11 01:00:32.380000,1.08724,1.08719,2250000,4120000
2017-05-11 01:00:32.483000,1.08724,1.08720,1870000,1500000
2017-05-11 01:00:32.793000,1.08729,1.08725,1500000,2690000
2017-05-11 01:00:33.190000,1.08730,1.08726,1000000,3000000
2017-05-11 01:00:33.446000,1.08733,1.08729,2620000,3750000
2017-05-11 01:00:33.550000,1.08733,1.08730,2250000,1500000
2017-05-11 01:00:34.061000,1.08733,1.08729,1930000,2620000
2017-05-11 01:00:35.061000,1.08733,1.08729,1930000,2620000
2017-05-11 01:00:36.578000,1.08733,1.08729,1870000,2620000
2017-05-11 01:00:36.776000,1.08731,1.08727,1000000,2320000
2017-05-11 01:00:37.304000,1.08732,1.08728,2620000,2620000
2017-05-11 01:00:37.816000,1.08732,1.08729,1500000,1870000
2017-05-11 01:00:40.255000,1.08732,1.08729,1000000,2250000
2017-05-11 01:00:41.134000,1.08733,1.08729,3510000,2250000
2017-05-11 01:00:42.065000,1.08733,1.08729,2620000,1870000
2017-05-11 01:00:42.320000,1.08734,1.08731,1000000,1870000
2017-05-11 01:00:42.486000,1.08737,1.08734,1120000,1870000
2017-05-11 01:00:42.538000,1.08738,1.08736,1500000,1200000
2017-05-11 01:00:43.049000,1.08739,1.08736,1000000,1950000
2017-05-11 01:00:43.152000,1.08741,1.08737,6560000,1120000
2017-05-11 01:00:43.866000,1.08741,1.08738,1000000,1870000
2017-05-11 01:00:43.917000,1.08742,1.08738,1500000,2620000
2017-05-11 01:00:47.978000,1.08742,1.08738,1000000,2620000
2017-05-11 01:00:48.937000,1.08743,1.08740,1200000,1000000
2017-05-11 01:00:49.445000,1.08744,1.08740,3000000,1500000
2017-05-11 01:00:51.482000,1.08746,1.08742,5490000,1000000
2017-05-11 01:00:51.794000,1.08746,1.08744,1000000,1000000
2017-05-11 01:00:52.204000,1.08746,1.08742,1000000,3750000
2017-05-11 01:00:52.714000,1.08747,1.08742,2320000,4500000
2017-05-11 01:00:53.846000,1.08747,1.08742,3750000,2250000
2017-05-11 01:00:54.395000,1.08748,1.08742,4740000,11250000
2017-05-11 01:00:54.906000,1.08748,1.08743,3240000,1190000
2017-05-11 01:00:56.863000,1.08748,1.08744,2810000,1000000
2017-05-11 01:00:59.625000,1.08748,1.08745,1250000,3070000
2017-05-11 01:00:59.779000,1.08750,1.08748,1560000,1000000
2017-05-11 01:00:59.833000,1.08751,1.08748,1000000,1500000
2017-05-11 01:00:59.937000,1.08753,1.08750,2250000,1000000
2017-05-11 01:01:00.484000,1.08754,1.08751,1000000,1500000
2017-05-11 01:01:00.536000,1.08755,1.08753,1930000,1000000
2017-05-11 01:01:00.690000,1.08757,1.08753,2620000,1000000
2017-05-11 01:01:00.946000,1.08755,1.08752,1350000,3440000
2017-05-11 01:01:01.455000,1.08755,1.08751,3600000,1120000
2017-05-11 01:01:02.773000,1.08755,1.08751,3970000,1120000
2017-05-11 01:01:03.089000,1.08751,1.08750,1500000,1120000
2017-05-11 01:01:03.191000,1.08750,1.08747,1500000,1500000
2017-05-11 01:01:03.243000,1.08748,1.08747,1350000,1120000
2017-05-11 01:01:03.651000,1.08748,1.08745,1350000,1500000
2017-05-11 01:01:04.735000,1.08751,1.08750,2620000,3750000
2017-05-11 01:01:04.787000,1.08757,1.08754,1370000,1500000
2017-05-11 01:01:04.839000,1.08759,1.08755,4120000,1500000
2017-05-11 01:01:04.941000,1.08759,1.08754,3370000,4500000
2017-05-11 01:01:05.248000,1.08759,1.08755,1000000,1500000
2017-05-11 01:01:06.092000,1.08759,1.08754,1000000,5250000
2017-05-11 01:01:11.343000,1.08760,1.08755,1000000,2620000
2017-05-11 01:01:13.586000,1.08760,1.08756,1000000,1000000
2017-05-11 01:01:17.153000,1.08761,1.08756,5120000,2250000
2017-05-11 01:01:18.050000,1.08760,1.08756,1000000,1000000
2017-05-11 01:01:18.551000,1.08760,1.08756,1060000,1000000
2017-05-11 01:01:19.880000,1.08760,1.08755,1000000,2620000
2017-05-11 01:01:20.430000,1.08760,1.08755,3000000,1200000
2017-05-11 01:01:25.958000,1.08759,1.08754,1560000,4240000
2017-05-11 01:01:28.936000,1.08759,1.08754,1870000,2250000
2017-05-11 01:01:33.302000,1.08757,1.08753,1000000,4610000
2017-05-11 01:01:33.610000,1.08757,1.08753,1750000,3750000
2017-05-11 01:01:34.479000,1.08758,1.08753,1500000,3820000
2017-05-11 01:01:34.989000,1.08759,1.08754,3060000,1500000
2017-05-11 01:01:37.378000,1.08758,1.08753,1120000,4610000
2017-05-11 01:01:38.243000,1.08758,1.08753,1750000,4240000
2017-05-11 01:01:39.358000,1.08758,1.08753,1500000,4240000
2017-05-11 01:01:44.529000,1.08759,1.08753,4120000,5250000
2017-05-11 01:01:45.246000,1.08759,1.08755,2620000,1000000
2017-05-11 01:01:47.517000,1.08758,1.08755,1870000,1000000
2017-05-11 01:01:49.417000,1.08758,1.08754,1870000,1000000
2017-05-11 01:01:53.603000,1.08757,1.08753,1100000,1000000
2017-05-11 01:01:54.114000,1.08757,1.08752,4180000,3370000
2017-05-11 01:01:57.676000,1.08756,1.08751,3000000,2430000
2017-05-11 01:02:03.798000,1.08756,1.08752,4120000,1120000
2017-05-11 01:02:04.303000,1.08756,1.08753,1500000,1000000
2017-05-11 01:02:05.938000,1.08758,1.08753,1570000,1610000
2017-05-11 01:02:06.448000,1.08758,1.08753,1570000,3110000
2017-05-11 01:02:10.141000,1.08758,1.08754,1270000,2250000
2017-05-11 01:02:12.869000,1.08758,1.08755,1200000,1750000
2017-05-11 01:02:14.033000,1.08760,1.08756,1720000,1870000
2017-05-11 01:02:14.577000,1.08760,1.08756,2320000,1120000
2017-05-11 01:02:14.833000,1.08759,1.08754,1500000,6930000
2017-05-11 01:02:15.370000,1.08759,1.08754,1870000,3860000
2017-05-11 01:02:15.908000,1.08758,1.08754,1200000,2740000
2017-05-11 01:02:16.452000,1.08758,1.08754,1500000,3190000
2017-05-11 01:02:19.517000,1.08758,1.08754,1500000,2060000
2017-05-11 01:02:20.099000,1.08758,1.08754,2250000,1100000
2017-05-11 01:02:20.444000,1.08754,1.08750,2850000,1370000
2017-05-11 01:02:20.991000,1.08754,1.08750,3900000,1370000
2017-05-11 01:02:21.258000,1.08753,1.08748,2550000,3930000
2017-05-11 01:02:21.811000,1.08751,1.08747,1870000,2590000
2017-05-11 01:02:22.361000,1.08751,1.08747,3750000,1540000
2017-05-11 01:02:29.195000,1.08751,1.08747,3970000,2850000
2017-05-11 01:02:29.717000,1.08751,1.08747,8100000,1120000
2017-05-11 01:02:29.870000,1.08749,1.08744,1000000,6560000
2017-05-11 01:02:30.382000,1.08751,1.08747,2850000,1870000
2017-05-11 01:02:30.537000,1.08752,1.08748,1670000,1750000
2017-05-11 01:02:34.698000,1.08754,1.08749,3670000,1940000
2017-05-11 01:02:47.653000,1.08754,1.08750,1420000,1870000
2017-05-11 01:02:48.911000,1.08754,1.08750,1400000,1000000
2017-05-11 01:02:52.536000,1.08755,1.08750,3300000,1870000
2017-05-11 01:02:53.407000,1.08756,1.08752,2320000,2250000
2017-05-11 01:02:53.459000,1.08756,1.08753,1120000,1120000
2017-05-11 01:02:53.562000,1.08758,1.08753,1500000,4190000
2017-05-11 01:02:55.786000,1.08759,1.08754,3190000,1120000
2017-05-11 01:02:56.881000,1.08759,1.08755,2120000,1470000
2017-05-11 01:02:59.737000,1.08760,1.08757,1370000,1120000
2017-05-11 01:03:00.197000,1.08761,1.08756,2440000,2360000
2017-05-11 01:03:00.402000,1.08760,1.08756,1500000,1000000
2017-05-11 01:03:01.250000,1.08759,1.08755,1100000,1080000
2017-05-11 01:03:04.154000,1.08758,1.08754,1000000,2310000
2017-05-11 01:03:07.517000,1.08756,1.08753,1500000,1940000
2017-05-11 01:03:08.024000,1.08756,1.08752,2250000,3440000
2017-05-11 01:03:08.381000,1.08758,1.08754,2810000,1870000
2017-05-11 01:03:13.333000,1.08759,1.08755,1370000,1870000
2017-05-11 01:03:18.074000,1.08759,1.08755,1690000,1200000
2017-05-11 01:03:21.892000,1.08758,1.08754,1220000,4120000
2017-05-11 01:03:25.191000,1.08760,1.08756,3240000,1500000
2017-05-11 01:03:25.396000,1.08763,1.08760,1450000,1200000
2017-05-11 01:03:25.926000,1.08763,1.08760,1120000,1200000
2017-05-11 01:03:28.295000,1.08763,1.08758,1570000,1870000
2017-05-11 01:03:32.389000,1.08763,1.08760,1500000,1100000
2017-05-11 01:03:39.427000,1.08764,1.08760,1870000,9810000
2017-05-11 01:03:39.634000,1.08766,1.08762,1000000,6530000
2017-05-11 01:03:40.140000,1.08767,1.08763,1000000,2740000
2017-05-11 01:03:45.661000,1.08764,1.08763,1350000,1500000
2017-05-11 01:03:45.815000,1.08765,1.08761,4030000,2250000
2017-05-11 01:03:47.313000,1.08765,1.08761,1930000,1100000
2017-05-11 01:03:47.850000,1.08765,1.08760,1100000,2390000
2017-05-11 01:03:52.176000,1.08765,1.08761,1100000,1000000
2017-05-11 01:03:55.704000,1.08766,1.08762,1950000,1870000
2017-05-11 01:03:57.329000,1.08766,1.08762,1100000,4010000
2017-05-11 01:03:59.918000,1.08767,1.08763,1150000,1570000
2017-05-11 01:04:00.711000,1.08767,1.08763,1150000,1570000
2017-05-11 01:04:01.323000,1.08766,1.08762,2320000,3370000
2017-05-11 01:04:01.871000,1.08766,1.08761,3450000,2960000
2017-05-11 01:04:03.036000,1.08765,1.08761,1500000,1310000
2017-05-11 01:04:04.252000,1.08766,1.08761,1950000,2140000
2017-05-11 01:04:09.267000,1.08765,1.08760,2250000,3640000
2017-05-11 01:04:09.800000,1.08765,1.08760,2250000,1390000
2017-05-11 01:04:12.250000,1.08764,1.08759,1500000,2510000
2017-05-11 01:04:13.157000,1.08764,1.08759,2250000,2440000
2017-05-11 01:04:13.464000,1.08759,1.08755,1350000,2880000
2017-05-11 01:04:13.908000,1.08761,1.08758,1500000,1000000
2017-05-11 01:04:15.989000,1.08761,1.08758,4120000,1000000
2017-05-11 01:04:16.342000,1.08761,1.08756,4200000,1870000
2017-05-11 01:04:17.097000,1.08760,1.08756,1570000,1870000
2017-05-11 01:04:17.970000,1.08759,1.08754,2250000,4310000
2017-05-11 01:04:18.840000,1.08757,1.08753,1000000,1870000
2017-05-11 01:04:19.197000,1.08757,1.08753,1120000,1120000
2017-05-11 01:04:21.343000,1.08756,1.08753,1500000,1120000
2017-05-11 01:04:21.855000,1.08758,1.08753,2250000,1120000
2017-05-11 01:04:24.291000,1.08758,1.08753,1500000,2620000
2017-05-11 01:04:24.797000,1.08758,1.08753,1570000,2400000
2017-05-11 01:04:28.465000,1.08757,1.08753,1000000,2770000
2017-05-11 01:04:29.277000,1.08757,1.08753,1750000,1370000
2017-05-11 01:04:30.835000,1.08757,1.08752,1500000,9960000
2017-05-11 01:04:33.942000,1.08754,1.08751,2850000,5440000
2017-05-11 01:04:34.045000,1.08755,1.08751,1500000,4310000
2017-05-11 01:04:34.148000,1.08757,1.08752,3060000,4310000
2017-05-11 01:04:34.301000,1.08755,1.08752,1000000,1100000
2017-05-11 01:04:36.144000,1.08756,1.08752,3070000,1500000
2017-05-11 01:04:37.726000,1.08757,1.08753,1900000,2500000
2017-05-11 01:04:37.981000,1.08758,1.08754,1870000,2500000
2017-05-11 01:04:43.637000,1.08758,1.08755,1500000,1000000
2017-05-11 01:04:45.153000,1.08758,1.08755,1100000,1000000
2017-05-11 01:04:48.648000,1.08757,1.08753,1100000,4000000
2017-05-11 01:04:50.908000,1.08758,1.08754,1100000,1370000
2017-05-11 01:04:52.419000,1.08759,1.08754,1870000,3370000
2017-05-11 01:04:52.522000,1.08760,1.08755,3000000,1690000
2017-05-11 01:04:53.865000,1.08760,1.08755,1120000,4010000
2017-05-11 01:04:58.530000,1.08760,1.08755,3000000,1570000
2017-05-11 01:05:00.242000,1.08759,1.08755,1500000,1500000
2017-05-11 01:05:01.986000,1.08758,1.08753,1100000,2690000
2017-05-11 01:05:02.495000,1.08757,1.08753,1000000,1560000
2017-05-11 01:05:03.128000,1.08757,1.08753,1570000,1120000
2017-05-11 01:05:05.741000,1.08757,1.08752,3000000,1450000
2017-05-11 01:05:10.298000,1.08756,1.08751,2250000,2250000
2017-05-11 01:05:13.293000,1.08754,1.08749,1500000,2810000
2017-05-11 01:05:15.058000,1.08753,1.08749,1000000,1370000
2017-05-11 01:05:25.319000,1.08754,1.08749,1870000,4120000
2017-05-11 01:05:29.552000,1.08753,1.08749,1100000,2440000
2017-05-11 01:05:32,1.08750,1.08748,2100000,3630000
2017-05-11 01:05:32.103000,1.08749,1.08746,1350000,1080000
2017-05-11 01:05:32.308000,1.08751,1.08747,1120000,1190000
2017-05-11 01:05:32.822000,1.08752,1.08747,2250000,5130000
2017-05-11 01:05:33.332000,1.08752,1.08747,1500000,5130000
2017-05-11 01:05:36.749000,1.08752,1.08749,1000000,1560000
2017-05-11 01:05:38.121000,1.08753,1.08749,1000000,1560000
2017-05-11 01:05:38.377000,1.08753,1.08752,1000000,1870000
2017-05-11 01:05:38.888000,1.08754,1.08752,1000000,1870000
2017-05-11 01:05:52.668000,1.08755,1.08752,1500000,1870000
2017-05-11 01:05:52.975000,1.08759,1.08756,1370000,1120000
2017-05-11 01:05:53.027000,1.08761,1.08757,6000000,1200000
2017-05-11 01:05:53.335000,1.08761,1.08757,2250000,2690000
2017-05-11 01:05:53.863000,1.08762,1.08758,2250000,1950000
2017-05-11 01:05:55.541000,1.08761,1.08758,1000000,1950000
2017-05-11 01:06:03.892000,1.08762,1.08759,2620000,1120000
2017-05-11 01:06:04.198000,1.08762,1.08761,1000000,1870000
2017-05-11 01:06:04.402000,1.08764,1.08761,4500000,1870000
2017-05-11 01:06:07.015000,1.08764,1.08760,3750000,3700000
2017-05-11 01:06:08.415000,1.08763,1.08761,1100000,1000000
2017-05-11 01:06:08.961000,1.08764,1.08762,1120000,1000000
2017-05-11 01:06:09.511000,1.08765,1.08762,3750000,1000000
2017-05-11 01:06:10.022000,1.08765,1.08762,1120000,1000000
2017-05-11 01:06:10.692000,1.08764,1.08762,1000000,1000000
2017-05-11 01:06:11.694000,1.08764,1.08763,1000000,1000000
2017-05-11 01:06:12.103000,1.08766,1.08763,3750000,1000000
2017-05-11 01:06:13.936000,1.08766,1.08762,2250000,7080000
2017-05-11 01:06:14.039000,1.08766,1.08764,2250000,1870000
2017-05-11 01:06:14.497000,1.08766,1.08762,2250000,3890000
2017-05-11 01:06:18.003000,1.08766,1.08762,3000000,1000000
2017-05-11 01:06:18.523000,1.08766,1.08761,6370000,6560000
2017-05-11 01:06:25.993000,1.08764,1.08761,1000000,2890000
2017-05-11 01:06:26.882000,1.08764,1.08761,1870000,2810000
2017-05-11 01:06:27.180000,1.08762,1.08759,1000000,5440000
2017-05-11 01:06:27.691000,1.08764,1.08759,2620000,8810000
2017-05-11 01:06:30.166000,1.08764,1.08760,3750000,1120000
2017-05-11 01:06:31.151000,1.08764,1.08759,3370000,10760000
2017-05-11 01:06:37.490000,1.08764,1.08759,1500000,5250000
2017-05-11 01:06:41.605000,1.08764,1.08759,2620000,3750000
